516.240 715.440
93.6000 95.7990 29.1545 12.1770 Eerste
126.239 95.7990 40.7751 12.1770 Jaargang

267.839 95.7990 15.1757 12.1770 Nr.
287.758 95.7990 6.5093 12.1770 i.
297.119 95.7990 19.8822 12.1770 Juni
321.149 95.7990 19.8673 12.1770 1922

66.7200 176.208 178.260 35.4240 jMaandelijksch
256.409 176.208 103.268 35.4240 Bulletijn

108.240 220.737 17.9398 14.3910 der
136.559 220.737 70.5860 14.3910 Vereeniging
217.679 220.737 14.4916 14.3910 tot
243.119 220.737 43.8649 14.3910 Behoud
300.364 220.737 19.8594 14.3910 van

66.4800 243.297 6.1776 14.3910 }

137.186 243.297 41.1256 14.3910 Natuur
190.946 243.297 12.5225 14.3910 en
212.958 243.297 80.2920 14.3910 Stedenschoon

176.400 265.857 70.9226 14.3910 Antwerpen

458.880 404.073 28.0796 56.9815 1

461.280 639.200 8.8070 35.7440 I

279.360 15.0232 6.2948 7.8212 If

49.2000 604.757 6.5175 8.9394 W

68.1172 604.758 7.8916 8.9382 W"

463.680 667.222 56.2269 59.2166 Jk

67.9200 65.3190 29.5505 12.1770 Eerste
101.607 65.3190 41.3988 12.1770 Jaargang

292.560 66.7590 15.1757 12.1770 Nr.
312.479 66.7590 6.7587 12.1770 I.
325.199 66.7590 19.3476 12.1770 Juni
348.989 66.7590 19.8673 12.1770 1922

67.6800 92.3400 168.513 22.1400 MAANDELIJK5CH
259.946 92.3400 108.230 22.1400 BULLETIJN

92.4000 115.665 26.8785 16.9950 DER
124.319 115.665 92.7333 16.9950 VEREENÏQINQ
221.519 115.665 27.0369 16.9950 TOT
252.959 115.665 55.9746 16.9950 BEHOUD
314.892 115.665 27.1755 16.9950 VAN

115.680 131.985 62.9046 16.9950 NATUUR-
186.479 131.985 17.6200 16.9950 EN
213.025 131.985 107.203 16.9950 STEDENSCHOON

67.6800 161.319 13.6999 12.1770 -o-
93.8401 161.319 60.2613 12.1770 Secretariaat:
165.600 161.319 13.1670 12.1770 22,
187.440 161.319 61.5542 12.1770 Vondelstraat,
258.961 161.319 10.3069 12.1770 22
276.961 161.319 3.6264 12.1770 -
289.201 161.319 51.1563 12.1770 Antwerpen
353.344 161.319 14.5213 12.1770 -o-

164.880 205.479 22.9898 12.1770 AAN
195.599 205.479 27.9398 12.1770 ONZE
231.522 205.479 39.2505 12.1770 LEDEN.

89.2800 223.719 12.4473 12.1770 De
107.280 223.719 42.4462 12.1770 gestadige
155.760 223.719 38.8040 12.1770 aangroei
200.400 223.719 15.8915 12.1770 van
221.760 223.719 14.7995 12.1770 ons
241.920 223.719 36.0994 12.1770 ledental
283.920 223.719 10.1574 12.1770 en
299.521 223.719 10.2881 12.1770 de
316.196 223.719 51.6919 12.1770 verbetering

68.8800 236.679 15.8915 12.1770 van
90.9610 236.679 25.3915 12.1770 onzen
121.920 236.679 53.4263 12.1770 financieëlen
182.640 236.679 40.2702 12.1770 toestand,
229.201 236.679 29.4208 12.1770 maken
264.961 236.679 13.4501 12.1770 het
284.881 236.679 14.7995 12.1770 ons
305.520 236.679 38.7872 12.1770 mogelijk
351.604 236.679 15.8915 12.1770 van

68.6400 249.639 26.1518 12.1770 heden
99.6003 249.639 7.9527 12.1770 af
112.799 249.639 14.7371 12.1770 een
131.760 249.639 64.4559 12.1770 maandelijksch
202.320 249.639 37.9903 12.1770 buUetijn
245.760 249.639 12.0562 12.1770 uit
262.561 249.639 8.1289 12.1770 te
275.485 249.639 28.6486 12.1770 geven.

89.0400 263.319 9.3149 12.1770 In
104.880 263.319 13.6085 12.1770 het
125.039 263.319 33.6432 12.1770 vervolg
165.359 263.319 12.6146 12.1770 zal
184.079 263.319 13.7669 12.1770 het
204.718 263.319 14.7995 12.1770 ons
225.838 263.319 15.1025 12.1770 dus
247.439 263.319 38.7872 12.1770 mogelijk
293.759 263.319 16.3439 12.1770 zijn
317.278 263.319 19.8119 12.1770 onze
343.433 263.319 23.5798 12.1770 leden

68.6400 276.279 48.0378 12.1770 regelmatig
122.159 276.279 10.6197 12.1770 op
137.519 276.279 10.0505 12.1770 de
152.159 276.279 29.7564 12.1770 hoogte
187.440 276.279 23.6046 12.1770 onzer
216.239 276.279 37.2487 12.1770 werking
258.719 276.279 8.2477 12.1770 te
271.918 276.279 35.2103 12.1770 houden.
312.239 276.279 16.5924 12.1770 Wij
335.235 276.279 32.0196 12.1770 denken

68.4000 289.239 15.8558 12.1770 ook
88.0802 289.239 10.6197 12.1770 op
102.240 289.239 13.2007 12.1770 die
118.560 289.239 23.3264 12.1770 wijze
145.680 289.239 21.6087 12.1770 meer
171.120 289.239 32.7472 12.1770 voeling
207.840 289.239 9.9198 12.1770 en
221.280 289.239 64.9371 12.1770 samenwerking
290.641 289.239 37.9903 12.1770 tusschen
333.463 289.239 33.4323 12.1770 bestuur

68.6400 302.199 9.9198 12.1770 en
83.2801 302.199 23.7699 12.1770 leden
111.839 302.199 8.2477 12.1770 te
126.546 302.199 49.9059 12.1770 verkrijgen.

88.5600 316.359 18.6457 12.1770 Alle
112.800 316.359 58.6199 12.1770 afzonderlijke
178.559 316.359 66.3082 12.1770 mededeelingen
251.039 316.359 26.8577 12.1770 vallen
283.679 316.359 15.2608 12.1770 dus
304.318 316.359 20.7583 12.1770 weg.
330.849 316.359 36.2934 12.1770 Uitstap-

68.1600 329.319 18.2516 12.1770 pen,
93.1199 329.319 59.7208 12.1770 voordrachten
160.559 329.319 10.0386 12.1770 en
177.119 329.319 7.9606 12.1770 al
191.518 329.319 16.3152 12.1770 wat
215.039 329.319 19.5545 12.1770 voor
244.080 329.319 10.2881 12.1770 de
260.880 329.319 54.9777 12.1770 Vereeniging
326.057 329.319 40.4009 12.1770 ingericht

67.9200 342.279 29.0793 12.1770 wordt,
103.200 342.279 26.4617 12.1770 zullen
135.839 342.279 8.4219 12.1770 in
149.760 342.279 13.7669 12.1770 het
169.440 342.279 37.9903 12.1770 buUetijn
214.080 342.279 62.9986 12.1770 aangekondigd
283.680 342.279 36.1122 12.1770 worden.
325.680 342.279 16.7508 12.1770 Wij
349.190 342.279 17.4735 12.1770 ver-

68.1600 355.239 29.9346 12.1770 zoeken
103.439 355.239 19.9901 12.1770 onze
127.919 355.239 23.3897 12.1770 leden
156.478 355.239 15.2608 12.1770 dus
176.159 355.239 13.7669 12.1770 het
194.879 355.239 26.9320 12.1770 steeds
226.798 355.239 53.6570 12.1770 nauwkeurig
285.838 355.239 8.1289 12.1770 te
299.544 355.239 52.5858 12.1770 raadplegen.

88.0800 369.159 12.4473 12.1770 De
105.360 369.159 33.5689 12.1770 uitgave
144.480 369.159 8.3566 12.1770 er
157.919 369.159 16.0499 12.1770 van
179.519 369.159 18.8189 12.1770 stelt
203.999 369.159 14.6411 12.1770 ons
223.679 369.159 19.7327 12.1770 voor
248.878 369.159 28.4625 12.1770 groote
283.198 369.159 31.4414 12.1770 kosten,
320.398 369.159 13.0423 12.1770 die
339.264 369.159 27.1488 12.1770 echter

68.1600 382.119 33.0650 12.1770 kunnen
106.799 382.119 59.6891 12.1770 goedgemaakt
171.839 382.119 33.2086 12.1770 worden
210.719 382.119 19.7327 12.1770 door
235.918 382.119 14.5787 12.1770 een
255.358 382.119 38.8040 12.1770 aangroei
299.518 382.119 15.8915 12.1770 van
320.638 382.119 13.6085 12.1770 het
339.986 382.119 26.9171 12.1770 leden-

67.2000 395.079 14.3835 12.1770 tal.
87.8403 395.079 14.1293 12.1770 Dit
108.720 395.079 27.6834 12.1770 aantal
142.801 395.079 7.1488 12.1770 is
156.000 395.079 22.4294 12.1770 sterk
185.041 395.079 38.4922 12.1770 gestegen
230.161 395.079 22.1433 12.1770 maar
259.441 395.079 21.7998 12.1770 blijft
289.441 395.079 18.9932 12.1770 toch
315.122 395.079 16.3548 12.1770 nog
338.350 395.079 28.0655 12.1770 immer

68.4000 408.039 59.0674 12.1770 onvoldoende.

87.6000 421.959 18.5863 12.1770 Nog
111.120 421.959 8.2477 12.1770 te
125.039 421.959 17.8873 12.1770 veel
148.319 421.959 23.7699 12.1770 leden
177.599 421.959 29.4208 12.1770 maken
212.640 421.959 8.2477 12.1770 te
226.319 421.959 30.0633 12.1770 weinig
261.840 421.959 57.8091 12.1770 propaganda;
326.399 421.959 11.8978 12.1770 dit
344.269 421.959 21.4681 12.1770 moet

67.6800 434.199 53.1353 12.1770 veranderen.

87.6000 448.359 12.5661 12.1770 De
106.800 448.359 61.0711 12.1770 vraagstukken
175.680 448.359 42.2987 12.1770 waarvoor
225.360 448.359 14.0441 12.1770 wij
247.200 448.359 23.3373 12.1770 staan
277.681 448.359 28.6605 12.1770 nemen
314.882 448.359 50.7028 12.1770 dagelijksch

67.4400 461.319 8.4219 12.1770 in
79.6804 461.319 37.7408 12.1770 aanvang
121.680 461.319 10.0386 12.1770 en
135.359 461.319 27.4854 12.1770 aantal
167.039 461.319 16.2706 12.1770 toe.
186.719 461.319 15.9984 12.1770 Het
206.879 461.319 7.0300 12.1770 is
217.439 461.319 15.4193 12.1770 dus
236.639 461.319 15.7331 12.1770 van
256.559 461.319 13.7669 12.1770 het
274.559 461.319 56.6726 12.1770 allergrootste
336.446 461.319 29.7604 12.1770 belang

67.4400 474.279 13.9253 12.1770 dat
86.8806 474.279 19.9901 12.1770 onze
111.600 474.279 54.7599 12.1770 Vereeniging
171.840 474.279 15.3707 12.1770 aan
192.240 474.279 31.0999 12.1770 sterkte
228.480 474.279 24.0134 12.1770 wint;
258.240 474.279 21.8503 12.1770 want
285.840 474.279 25.9608 12.1770 alleen
317.280 474.279 15.8915 12.1770 dan
339.113 474.279 26.4617 12.1770 zullen

67.2000 487.239 14.0441 12.1770 wij
86.8802 487.239 16.3607 12.1770 met
108.480 487.239 13.6085 12.1770 het
127.679 487.239 45.1193 12.1770 vereischte
178.079 487.239 25.5816 12.1770 gezag
209.038 487.239 32.6690 12.1770 kunnen
248.241 487.239 42.4502 12.1770 optreden.

87.6000 500.919 16.3152 12.1770 Dat
109.680 500.919 7.8418 12.1770 al
122.640 500.919 19.9901 12.1770 onze
147.599 500.919 23.5798 12.1770 leden
176.880 500.919 29.4386 12.1770 zonder
212.399 500.919 57.2705 12.1770 uitzondering
275.518 500.919 17.7715 12.1770 zich
299.039 500.919 15.1024 12.1770 dus
320.282 500.919 45.2915 12.1770 inspannen

67.4400 513.879 13.2878 12.1770 om
84.7195 513.879 31.6434 12.1770 nieuwe
120.719 513.879 45.2648 12.1770 toetreders
171.119 513.879 15.3707 12.1770 aan
191.279 513.879 8.1289 12.1770 te
204.458 513.879 38.7140 12.1770 brengen.

87.3600 527.319 9.3149 12.1770 In
101.759 527.319 11.8978 12.1770 dit
118.799 527.319 36.4894 12.1770 nummer
160.559 527.319 26.4617 12.1770 zullen
192.239 527.319 10.6583 12.1770 zij
208.079 527.319 8.0101 12.1770 te
221.039 527.319 18.6278 12.1770 dien
245.279 527.319 23.5996 12.1770 einde
274.079 527.319 14.5787 12.1770 een
294.119 527.319 71.5849 12.1770 toetredings-bul-

66.9600 540.279 23.2957 12.1770 letijn
97.9193 540.279 30.3306 12.1770 vinden
135.118 540.279 13.9253 12.1770 dat
155.998 540.279 14.2025 12.1770 wij
177.598 540.279 27.4042 12.1770 stellig
211.918 540.279 51.6889 12.1770 verwachten
271.199 540.279 19.7327 12.1770 door
298.319 540.279 14.7371 12.1770 een
319.918 540.279 26.4924 12.1770 nieuw
353.433 540.279 11.5731 12.1770 lid

67.4400 553.239 41.3206 12.1770 ingevuld,
113.759 553.239 23.9867 12.1770 terug
142.798 553.239 8.1289 12.1770 te
156.074 553.239 49.1773 12.1770 ontvangen.

232.800 573.399 12.5661 12.1770 De
250.080 573.399 10.3316 12.1770 V.
264.960 573.399 5.8766 12.1770 t.
276.479 573.399 9.9218 12.1770 B.
290.879 573.399 9.2585 12.1770 V.
302.159 573.399 10.4821 12.1770 N.
317.519 573.399 10.0386 12.1770 en
332.897 573.399 12.0344 12.1770 St.

170.880 69.1260 19.1387 15.4980 DE
198.239 69.1260 58.3041 15.4980 DUINEN
266.159 69.1260 49.6247 15.4980 ONZER
326.061 69.1260 73.5620 15.4980 ZEEKUST.

155.280 94.7700 52.0869 11.0700 Langshenen
215.519 94.7700 19.1456 11.0700 onze
241.918 94.7700 31.0622 11.0700 zeekust
280.559 94.7700 36.4587 11.0700 strekken
323.999 94.7700 16.4637 11.0700 zich
346.319 94.7700 32.2374 11.0700 tallooze
385.198 94.7700 50.4504 11.0700 badplaatsen

135.360 106.770 10.7573 11.0700 uit
155.520 106.770 35.1767 11.0700 waarvan
197.279 106.770 25.7647 11.0700 vooral
228.959 106.770 30.8781 11.0700 gekend
266.159 106.770 14.0481 11.0700 zijn
286.800 106.770 39.8524 11.0700 Oostende
332.880 106.770 9.5684 11.0700 en
348.481 106.770 68.9604 11.0700 Blankenberghe.
424.635 106.770 11.9740 11.0700 De

135.840 118.770 34.4668 11.0700 me'esten
176.159 118.770 22.1067 11.0700 dezer
204.239 118.770 49.8069 11.0700 badplaatsen
260.879 118.770 13.8699 11.0700 zijn
281.278 118.770 28.5872 11.0700 slechts
315.599 118.770 7.7962 11.0700 in
327.599 118.770 9.4495 11.0700 de
340.798 118.770 27.0765 11.0700 laatste
372.238 118.770 20.3445 11.0700 jaren
397.898 118.770 38.4338 11.0700 ontstaan,

136.320 130.770 17.8586 11.0700 voor
159.839 130.770 13.8006 11.0700 een
180.239 130.770 33.9451 11.0700 vijftigtal
221.760 130.770 20.7247 11.0700 jaren
247.439 130.770 15.3410 11.0700 was
266.400 130.770 12.7314 11.0700 het
283.440 130.770 31.7651 11.0700 uitzicht
319.680 130.770 22.4077 11.0700 onzer
346.800 130.770 17.4389 11.0700 kust
368.161 130.770 15.0935 11.0700 dan
387.600 130.770 14.8896 11.0700 ook
407.476 130.770 29.3832 11.0700 gansch

136.080 142.770 31.0702 11.0700 anders.
173.039 142.770 17.4101 11.0700 Van
196.799 142.770 6.9052 11.0700 af
209.759 142.770 9.4496 11.0700 de
224.879 142.770 33.2383 11.0700 Schelde
263.998 142.770 10.5989 11.0700 tot
281.038 142.770 28.2982 11.0700 voorbij
315.359 142.770 65.6251 11.0700 Blankenberghe
386.879 142.770 15.3410 11.0700 was
406.319 142.770 8.8843 11.0700 zij
419.423 142.770 17.6656 11.0700 toen

136.560 154.770 45.4608 11.0700 uitsluitend
190.079 154.770 15.5489 11.0700 met
213.359 154.770 38.1922 11.0700 heuvelen
259.919 154.770 14.4599 11.0700 van
282.239 154.770 32.8343 11.0700 zeezand
322.799 154.770 40.5910 11.0700 bezoomd,
371.519 154.770 20.7643 11.0700 meer
400.080 154.770 18.1160 11.0700 naar
424.927 154.770 12.5730 11.0700 het

136.800 166.770 29.8633 11.0700 Zuiden
172.800 166.770 28.3180 11.0700 namen
207.360 166.770 12.6185 11.0700 die
226.080 166.770 37.5685 11.0700 heuvelen
270.240 166.770 43.4412 11.0700 geleidelijk
320.400 166.770 7.9151 11.0700 in
334.080 166.770 65.0965 11.0700 uitgestrektheid
406.561 166.770 12.4601 11.0700 toe
424.808 166.770 12.7710 11.0700 om

137.040 178.770 36.0677 11.0700 eindelijk
180.000 178.770 36.1053 11.0700 tusschen
221.040 178.770 50.2593 11.0700 Nieuwpoort
275.760 178.770 9.5684 11.0700 en
289.920 178.770 51.1216 11.0700 Duinkerken
346.320 178.770 10.9157 11.0700 uit
361.439 178.770 7.2815 11.0700 te
372.719 178.770 31.3711 11.0700 groeien
408.719 178.770 10.5989 11.0700 tot
423.691 178.770 14.1174 11.0700 een

137.280 190.770 21.7840 11.0700 barre
165.119 190.770 53.7996 11.0700 zandwoestijn
226.799 190.770 14.3015 11.0700 van
247.439 190.770 16.4578 11.0700 vele
269.278 190.770 18.6912 11.0700 uren
294.238 190.770 26.6458 11.0700 lengte
326.878 190.770 9.4495 11.0700 en
342.718 190.770 20.4079 11.0700 meer
369.358 190.770 14.9351 11.0700 dan
390.478 190.770 19.0070 11.0700 eene
415.709 190.770 22.5760 11.0700 halve

137.520 206.850 15.8638 11.0700 mijl
158.274 206.850 29.1476 11.0700 diepte.

158.400 219.090 34.9312 11.0700 Hendrik
199.920 219.090 50.4702 11.0700 Conscience,
256.560 219.090 12.6185 11.0700 die
274.800 219.090 18.9486 11.0700 rond
298.080 219.090 11.0741 11.0700 dit
314.160 219.090 28.6417 11.0700 tijdstip
347.760 219.090 7.6774 11.0700 in
360.000 219.090 9.5684 11.0700 de
373.681 219.090 44.5460 11.0700 omstreken
423.432 219.090 14.6183 11.0700 van

138.000 231.810 45.6608 11.0700 Adinkerke
190.319 231.810 32.4047 11.0700 verbleef
229.439 231.810 9.6872 11.0700 en
244.799 231.810 17.7596 11.0700 daar
268.798 231.810 40.4346 11.0700 geruimen
315.838 231.810 12.8650 11.0700 tijd
334.558 231.810 15.3450 11.0700 dag
355.678 231.810 14.2758 11.0700 aan
375.837 231.810 15.3450 11.0700 dag
397.197 231.810 9.5684 11.0700 de
413.102 231.810 25.0767 11.0700 streek

138.240 244.530 37.8794 11.0700 doorliep,
182.160 244.530 19.7505 11.0700 geeft
208.559 244.530 7.7368 11.0700 er
222.239 244.530 7.6774 11.0700 in
233.999 244.530 14.9351 11.0700 den
253.440 244.530 35.8321 11.0700 aanvang
294.240 244.530 14.3015 11.0700 van
313.199 244.530 14.4045 11.0700 zijn
332.159 244.530 40.7504 11.0700 bekenden
378.239 244.530 26.5775 11.0700 roman
409.439 244.530 4.9500 11.0700 «
417.536 244.530 21.6830 11.0700 Bella

138.960 257.250 23.4709 11.0700 Stock
166.319 257.250 4.9500 11.0700 »
174.959 257.250 14.2758 11.0700 een
193.438 257.250 43.5085 11.0700 teekenend
241.678 257.250 22.3225 11.0700 beeld
269.485 257.250 17.7745 11.0700 van.

159.120 269.490 16.7647 11.0700 «Er
182.880 269.490 6.6825 11.0700 is
194.879 269.490 14.2115 11.0700 iets
214.560 269.490 52.0453 11.0700 ontzettends,
271.199 269.490 28.8783 11.0700 schreef
305.280 269.490 13.8471 11.0700 hij,
323.041 269.490 8.0338 11.0700 in
335.521 269.490 12.5730 11.0700 het
352.321 269.490 48.2071 11.0700 schouwspel
405.601 269.490 12.7314 11.0700 dat
422.920 269.490 16.8201 11.0700 zich

139.680 281.490 17.7596 11.0700 daar
165.120 281.490 18.2150 11.0700 voor
190.079 281.490 15.0935 11.0700 den
211.679 281.490 43.1185 11.0700 wandelaar
261.120 281.490 37.4854 11.0700 ontplooit
305.280 281.490 35.4915 11.0700 wanneer
347.039 281.490 13.8471 11.0700 hij,
366.479 281.490 7.2815 11.0700 te
379.439 281.490 31.7196 11.0700 midden
417.802 281.490 22.2968 11.0700 dezer

140.160 293.490 50.0841 11.0700 zonderlinge
194.639 293.490 30.5910 11.0700 natuur,
230.159 293.490 14.1174 11.0700 een
248.640 293.490 28.4922 11.0700 hoogte
281.760 293.490 32.6126 11.0700 beklimt
318.959 293.490 9.5684 11.0700 en
332.640 293.490 14.0481 11.0700 zijn
351.601 293.490 54.8559 11.0700 verdwaasden
411.361 293.490 16.2805 11.0700 blik
432.416 293.490 8.0338 11.0700 in

139.920 305.490 12.8898 11.0700 het
160.800 305.490 23.7461 11.0700 ronde
191.760 305.490 14.9638 11.0700 laat
214.320 305.490 33.4006 11.0700 dwalen.
255.840 305.490 35.9231 11.0700 Duizend
300.000 305.490 9.4495 11.0700 en
317.039 305.490 33.1492 11.0700 duizend
358.560 305.490 58.3833 11.0700 zandheuvelen
425.754 305.490 14.9351 11.0700 van

140.640 317.490 56.5290 11.0700 verschillende
203.519 317.490 21.6652 11.0700 vorm
231.120 317.490 9.4495 11.0700 en
246.719 317.490 30.1198 11.0700 grootte
282.959 317.490 38.1803 11.0700 verheffen
329.040 317.490 26.5478 11.0700 hunne
361.680 317.490 33.0363 11.0700 kruinen
399.360 317.490 22.5146 11.0700 langs
426.328 317.490 14.8391 11.0700 alle

140.640 329.490 27.2527 11.0700 zijden,
174.239 329.490 9.4495 11.0700 en
189.839 329.490 40.5454 11.0700 omringen
237.839 329.490 20.9870 11.0700 hem,
265.198 329.490 27.2101 11.0700 zoover
298.319 329.490 14.4045 11.0700 zijn
318.719 329.490 30.5455 11.0700 gezicht
355.439 329.490 15.0935 11.0700 kan
375.598 329.490 30.0010 11.0700 reiken.
410.844 329.490 30.5613 11.0700 Eenige

140.880 341.490 14.2263 11.0700 zijn
160.800 341.490 18.5714 11.0700 door
185.040 341.490 45.8172 11.0700 schaarsche
236.640 341.490 31.0365 11.0700 halmen
274.320 341.490 9.4495 11.0700 en
289.439 341.490 29.6802 11.0700 donker
325.439 341.490 16.9785 11.0700 mos
346.318 341.490 42.5839 11.0700 begroend,
393.838 341.490 28.2002 11.0700 andere
427.003 341.490 14.4045 11.0700 zijn

141.360 353.490 23.0908 11.0700 naakt
170.640 353.490 9.4495 11.0700 en
186.000 353.490 42.6542 11.0700 glinsteren
234.960 353.490 23.8491 11.0700 onder
264.960 353.490 12.5730 11.0700 het
283.680 353.490 46.5201 11.0700 zonnelicht,
337.440 353.490 16.6360 11.0700 vele
359.520 353.490 14.2263 11.0700 zijn
377.761 353.490 18.7496 11.0700 door
400.560 353.490 14.9351 11.0700 den
420.781 353.490 20.7890 11.0700 wind

141.360 365.490 48.3714 11.0700 uitgevreten
198.000 365.490 9.5683 11.0700 en
215.520 365.490 28.0022 11.0700 neigen
251.521 365.490 12.7769 11.0700 ten
271.921 365.490 15.2470 11.0700 val,
294.720 365.490 38.8337 11.0700 sommige
339.600 365.490 41.9740 11.0700 verlengen
387.840 365.490 16.6419 11.0700 zich
410.400 365.490 11.4998 11.0700 als
427.772 365.490 14.1174 11.0700 een

142.080 377.490 61.1246 11.0700 ketengebergte
209.279 377.490 9.4495 11.0700 en
222.959 377.490 39.3505 11.0700 slingeren
266.878 377.490 15.7549 11.0700 hun
287.517 377.490 27.1854 11.0700 ruigen
319.197 377.490 14.3114 11.0700 rug
337.678 377.490 25.1539 11.0700 dwars
366.717 377.490 18.0764 11.0700 over
388.797 377.490 14.8391 11.0700 alle
408.127 377.490 33.5194 11.0700 hoogten

141.600 389.490 19.6802 11.0700 heen
170.880 389.490 12.7710 11.0700 om
190.319 389.490 36.0677 11.0700 eindelijk
231.359 389.490 7.6774 11.0700 in
243.599 389.490 14.1174 11.0700 een
261.599 389.490 18.0576 11.0700 diep
283.679 389.490 12.4007 11.0700 dal
300.479 389.490 17.1864 11.0700 weg
321.839 389.490 7.4003 11.0700 te
333.360 389.490 28.2002 11.0700 zinken
366.000 389.490 9.5684 11.0700 en
379.681 389.490 7.2815 11.0700 te
392.240 389.490 50.0643 11.0700 verdwijnen.

162.240 401.490 14.8896 11.0700 Het
181.679 401.490 35.5855 11.0700 ruischen
221.999 401.490 13.2026 11.0700 der
239.519 401.490 13.1413 11.0700 zee
256.319 401.490 7.6774 11.0700 in
268.079 401.490 9.6871 11.0700 de
282.000 401.490 23.8144 11.0700 verte,
310.080 401.490 9.5684 11.0700 de
323.520 401.490 39.1367 11.0700 plechtige
366.960 401.490 20.6762 11.0700 stilte
390.480 401.490 12.7769 11.0700 die
407.278 401.490 35.5024 11.0700 heerscht

142.560 413.490 36.3132 11.0700 tusschen
185.039 413.490 9.4495 11.0700 de
200.159 413.490 32.5651 11.0700 duinen,
239.279 413.490 9.5684 11.0700 de
254.159 413.490 50.3811 11.0700 afwezigheid
312.240 413.490 14.3015 11.0700 van
332.399 413.490 14.8391 11.0700 alle
352.799 413.490 44.6252 11.0700 geboomte,
401.999 413.490 9.5684 11.0700 de
416.044 413.490 27.1409 11.0700 onver-

142.320 425.490 38.9050 11.0700 stoorbare
187.199 425.490 55.2123 11.0700 eenzaamheid
247.199 425.490 2.7522 11.0700 :
254.639 425.490 18.9229 11.0700 alles
279.119 425.490 26.8785 11.0700 draagt
312.238 425.490 10.0188 11.0700 bij
327.598 425.490 12.8898 11.0700 om
346.558 425.490 14.7767 11.0700 den
365.758 425.490 21.5404 11.0700 geest
391.678 425.490 7.2815 11.0700 te
403.562 425.490 39.0456 11.0700 verrassen

142.560 437.490 9.6871 11.0700 en
156.480 437.490 7.7962 11.0700 in
168.480 437.490 48.8733 11.0700 droomerige
222.000 437.490 43.1521 11.0700 gepeinzen
269.761 437.490 7.4003 11.0700 te
281.041 437.490 19.9970 11.0700 doen
306.001 437.490 48.8456 11.0700 wegzinken.
358.487 437.490 4.9500 11.0700 »

163.200 454.050 19.3644 11.0700 Tien
187.920 454.050 4.3956 11.0700 a
195.840 454.050 31.0504 11.0700 twintig
231.360 454.050 15.4282 11.0700 jaar
251.040 454.050 22.7106 11.0700 nadat
278.400 454.050 47.5903 11.0700 Conscience
330.480 454.050 18.4724 11.0700 deze
354.720 454.050 25.0173 11.0700 regels
383.520 454.050 33.2683 11.0700 schreef,
422.736 454.050 21.2454 11.0700 blijkt

143.520 467.970 12.5730 11.0700 het
160.320 467.970 31.7651 11.0700 uitzicht
196.800 467.970 15.5291 11.0700 nog
216.720 467.970 45.1866 11.0700 nauwelijks
267.768 467.970 45.6548 11.0700 veranderd.

163.680 480.930 16.9349 11.0700 Aan
187.440 480.930 12.5730 11.0700 het
205.679 480.930 26.1855 11.0700 strand
238.799 480.930 14.1431 11.0700 van
258.719 480.930 9.6871 11.0700 de
273.119 480.930 26.3578 11.0700 Panne
303.839 480.930 22.5146 11.0700 stond
330.959 480.930 17.3092 11.0700 toen
353.039 480.930 19.7941 11.0700 niets
376.799 480.930 14.9351 11.0700 dan
396.239 480.930 14.1174 11.0700 een
415.203 480.930 29.0862 11.0700 houten

144.000 493.410 23.1680 11.0700 barak
171.839 493.410 2.7522 11.0700 ;
180.239 493.410 9.3307 11.0700 en
195.839 493.410 48.6585 11.0700 halverwege
250.558 493.410 53.7669 11.0700 Nieuwpoort,
311.999 493.410 23.0274 11.0700 volop
340.319 493.410 7.9151 11.0700 in
353.998 493.410 9.5684 11.0700 de
369.119 493.410 29.0664 11.0700 duinen
404.639 493.410 13.9590 11.0700 een
425.187 493.410 19.8188 11.0700 oude

144.240 505.890 32.7116 11.0700 herberg
181.679 505.890 2.7522 11.0700 :
189.119 505.890 4.9500 11.0700 «
197.519 505.890 8.3061 11.0700 In
212.399 505.890 16.9834 11.0700 Sint
235.680 505.890 40.1405 11.0700 Isebaldus
279.360 505.890 7.4121 11.0700 »,
291.120 505.890 19.5565 11.0700 waar
315.360 505.890 16.8142 11.0700 vele
336.480 505.890 37.9249 11.0700 visschers
379.976 505.890 64.7262 11.0700 bijeenkwamen.

144.240 518.370 50.2593 11.0700 Nieuwpoort
199.199 518.370 14.8837 11.0700 had
218.639 518.370 21.7523 11.0700 reeds
244.320 518.370 14.1174 11.0700 een
262.800 518.370 40.0930 11.0700 badplaats
307.200 518.370 9.3307 11.0700 en
320.880 518.370 20.2356 11.0700 telde
345.119 518.370 27.5121 11.0700 eenige
377.040 518.370 22.0819 11.0700 villas
402.960 518.370 9.5684 11.0700 en
417.050 518.370 27.9259 11.0700 hotels,

144.240 530.850 31.4186 11.0700 evenals
183.119 530.850 13.9590 11.0700 een
205.438 530.850 28.4081 11.0700 weinig
241.919 530.850 26.1409 11.0700 verder
276.239 530.850 29.2842 11.0700 Middel
307.439 530.850 23.2551 11.0700 kerke
338.159 530.850 12.7314 11.0700 dat
358.080 530.850 14.8896 11.0700 ook
378.719 530.850 14.2758 11.0700 aan
398.878 530.850 13.1413 11.0700 zee
417.974 530.850 27.5121 11.0700 eenige

144.720 543.330 42.9690 11.0700 gebouwen
194.159 543.330 24.8787 11.0700 bezat,
223.919 543.330 29.5832 11.0700 verder,
258.239 543.330 25.7598 11.0700 achter
288.478 543.330 9.5684 11.0700 de
301.919 543.330 32.3572 11.0700 duinen,
339.119 543.330 12.7116 11.0700 lag
355.918 543.330 12.8898 11.0700 het
373.438 543.330 25.6558 11.0700 kleine
404.381 543.330 41.4434 11.0700 visschers-

144.960 555.810 19.1506 11.0700 dorp
171.359 555.810 52.4007 11.0700 Mariakerke.
231.598 555.810 39.8524 11.0700 Oostende
279.118 555.810 17.3857 11.0700 zelf,
304.079 555.810 17.8438 11.0700 toen
329.519 555.810 15.5291 11.0700 nog
351.599 555.810 50.0148 11.0700 betrekkelijk
408.958 555.810 20.7266 11.0700 klein
436.278 555.810 9.4495 11.0700 en

145.200 568.290 59.2782 11.0700 onaanzienlijk,
211.920 568.290 25.4074 11.0700 begon
243.840 568.290 16.6419 11.0700 zich
266.400 568.290 13.6580 11.0700 pas
283.920 568.290 10.7573 11.0700 tot
298.560 568.290 40.7266 11.0700 badplaats
343.440 568.290 8.0338 11.0700 in
355.440 568.290 7.2815 11.0700 te
366.720 568.290 32.8918 11.0700 richten.
404.880 568.290 21.3939 11.0700 Maar
431.350 568.290 14.6183 11.0700 van

145.440 580.770 7.0240 11.0700 af
158.400 580.770 18.4724 11.0700 deze
182.400 580.770 16.6171 11.0700 stad
205.200 580.770 10.7573 11.0700 tot
221.520 580.770 14.4342 11.0700 aan
240.720 580.770 65.4113 11.0700 Blankenberghe
310.800 580.770 9.4495 11.0700 en
325.200 580.770 25.2054 11.0700 voorts
354.240 580.770 10.7573 11.0700 tot
369.600 580.770 24.3718 11.0700 Heyst
398.640 580.770 9.5684 11.0700 en
413.424 580.770 33.2640 11.0700 Knocke

146.160 593.250 15.4994 11.0700 was
165.600 593.250 12.5730 11.0700 het
182.881 593.250 24.9381 11.0700 weder
212.161 593.250 9.5684 11.0700 de
225.601 593.250 47.8170 11.0700 eindelooze.
277.921 593.250 42.1879 11.0700 ongerepte
324.721 593.250 22.9561 11.0700 keten
352.081 593.250 13.0442 11.0700 der
369.890 593.250 32.3334 11.0700 duinen.

146.160 606.622 4.4540 9.9608 2

90.4800 62.6100 22.3245 11.0700 Niets
118.799 62.6100 12.9492 11.0700 liet
137.519 62.6100 17.6656 11.0700 toen
161.279 62.6100 9.5684 11.0700 de
176.640 62.6100 48.8565 11.0700 reusachtige
233.040 62.6100 47.7081 11.0700 uitbreiding
285.839 62.6100 35.3539 11.0700 voorzien
325.679 62.6100 12.4601 11.0700 die
341.999 62.6100 9.5684 11.0700 de
356.103 62.6100 15.8024 11.0700 ver-

70.3200 74.6100 42.9779 11.0700 schillende
121.439 74.6100 49.8069 11.0700 badplaatsen
180.239 74.6100 27.4725 11.0700 weldra
214.078 74.6100 28.1279 11.0700 nemen
248.638 74.6100 32.9908 11.0700 zouden.
287.758 74.6100 20.2732 11.0700 Zelfs
313.918 74.6100 7.7962 11.0700 in
329.038 74.6100 18.4486 11.0700 1895
353.173 74.6100 18.5991 11.0700 nog,

71.7600 86.6100 35.4915 11.0700 wanneer
113.759 86.6100 21.3187 11.0700 Peter
141.359 86.6100 30.3930 11.0700 Benoit,
178.318 86.6100 13.4996 11.0700 pas
197.278 86.6100 42.2512 11.0700 opgestaan
246.718 86.6100 10.4405 11.0700 uit
262.798 86.6100 13.8006 11.0700 een
282.718 86.6100 24.5342 11.0700 zware
311.278 86.6100 28.0705 11.0700 ziekte,
343.679 86.6100 13.9590 11.0700 aan
362.478 86.6100 9.5684 11.0700 de

71.7600 98.6100 31.0622 11.0700 zeekust
108.960 98.6100 49.3268 11.0700 herstelling^
161.279 98.6100 28.6704 11.0700 zoeken
196.080 98.6100 28.2150 11.0700 kwam,
229.200 98.6100 27.1339 11.0700 schijnt
261.600 98.6100 12.7314 11.0700 het
278.641 98.6100 33.9699 11.0700 grootste
316.561 98.6100 17.1022 11.0700 deel
337.921 98.6100 13.0442 11.0700 der
355.355 98.6100 16.7924 11.0700 dui-

70.5600 110.610 14.9351 11.0700 nen
90.2402 110.610 15.5291 11.0700 nog
110.400 110.610 27.9635 11.0700 vrijwel
143.039 110.610 60.9612 11.0700 ongeschonden
209.040 110.610 7.2815 11.0700 te
220.990 110.610 34.8331 11.0700 bestaan.

90.9600 122.610 12.7512 11.0700 Op
110.879 122.610 11.0741 11.0700 dit
129.360 122.610 42.3641 11.0700 oogenblik
179.760 122.610 25.3638 11.0700 echter
213.600 122.610 18.1625 11.0700 mag
238.079 122.610 27.9635 11.0700 vrijwel
272.639 122.610 15.3905 11.0700 met
294.479 122.610 40.5722 11.0700 zekerheid
342.331 122.610 29.3980 11.0700 gezegd

71.2800 134.610 30.7296 11.0700 worden
106.320 134.610 12.8898 11.0700 dat
124.079 134.610 21.6473 11.0700 vanaf
150.960 134.610 9.5684 11.0700 de
164.880 134.610 32.8284 11.0700 Schelde
202.080 134.610 10.5989 11.0700 tot
216.240 134.610 50.4732 11.0700 Nieuwpoort
271.200 134.610 14.3015 11.0700 van
289.199 134.610 12.5730 11.0700 het
306.739 134.610 65.7875 11.0700 oorspronkelijke

70.5600 146.610 73.2323 11.0700 duinenlandschap
152.880 146.610 13.8541 11.0700 zoo
173.760 146.610 19.7594 11.0700 goed
199.680 146.610 11.1830 11.0700 als
216.481 146.610 20.1742 11.0700 niets
242.401 146.610 20.9425 11.0700 meer
269.281 146.610 39.9564 11.0700 overblijft.
317.281 146.610 13.2323 11.0700 Dit
337.147 146.610 35.1420 11.0700 gedeelte

70.8000 158.610 22.7878 11.0700 onzer
99.8397 158.610 17.6171 11.0700 kust
122.399 158.610 6.6825 11.0700 is
132.479 158.610 22.8947 11.0700 thans
159.838 158.610 47.5913 11.0700 ingenomen
212.639 158.610 18.3932 11.0700 door
235.199 158.610 13.9590 11.0700 een
253.679 158.610 57.7299 11.0700 onafgebroken
317.519 158.610 22.1324 11.0700 reeks
343.920 158.610 16.0974 11.0700 min
363.810 158.610 7.4201 11.0700 of

71.2800 170.610 20.5861 11.0700 meer
99.5999 170.610 47.4606 11.0700 belangrijke
155.519 170.610 53.3293 11.0700 badplaatsen,
217.679 170.610 24.5362 11.0700 welke
247.679 170.610 9.6871 11.0700 de
263.039 170.610 28.6704 11.0700 duinen
298.079 170.610 21.7741 11.0700 ofwel
328.102 170.610 42.9066 11.0700 vernietigd

71.0400 182.610 21.9641 11.0700 ofwel
97.9205 182.610 7.7369 11.0700 er
109.680 182.610 9.6872 11.0700 de
123.120 182.610 38.4516 11.0700 bekoring
166.320 182.610 14.6183 11.0700 van
185.520 182.610 56.2172 11.0700 weggenomen
247.970 182.610 34.0124 11.0700 hebben.

90.9600 194.610 51.4612 11.0700 Betrekkelijk
152.640 194.610 16.8686 11.0700 gaaf
179.519 194.610 27.9596 11.0700 blijven
217.198 194.610 24.7698 11.0700 alleen
249.838 194.610 15.6875 11.0700 nog
272.877 194.610 9.5684 11.0700 de
289.677 194.610 40.5821 11.0700 gedeelten
339.095 194.610 32.9512 11.0700 gelegen

71.0400 206.610 36.3132 11.0700 tusschen
113.760 206.610 50.6870 11.0700 Nieuwpoort
170.640 206.610 9.5683 11.0700 en
184.800 206.610 32.6948 11.0700 Coxyde
221.760 206.610 9.2120 11.0700 en
235.681 206.610 36.1053 11.0700 tusschen
276.241 206.610 9.5684 11.0700 de
289.922 206.610 26.3578 11.0700 Panne
320.402 206.610 9.5684 11.0700 en
334.322 206.610 9.5684 11.0700 de
349.022 206.610 23.8471 11.0700 Fran-

71.5200 218.610 18.1566 11.0700 sche
95.5196 218.610 26.3340 11.0700 grens,
126.239 218.610 19.6802 11.0700 twee
149.999 218.610 40.1623 11.0700 gedeelten
195.599 218.610 14.4639 11.0700 dus
214.319 218.610 14.7767 11.0700 van
233.519 218.610 12.5730 11.0700 het
250.319 218.610 60.7197 11.0700 oorspronkelijk
317.966 218.610 55.0400 11.0700 belangrijkste

71.5200 230.610 75.3944 11.0700 duinenkompleks.

91.6800 242.610 14.8896 11.0700 Het
115.679 242.610 24.4827 11.0700 eerste
149.279 242.610 35.1420 11.0700 gedeelte
194.399 242.610 23.8016 11.0700 wordt
226.079 242.610 13.9253 11.0700 wel
247.680 242.610 48.6595 11.0700 doorsneden
304.321 242.610 18.5714 11.0700 door
330.481 242.610 14.7767 11.0700 den
353.794 242.610 18.8674 11.0700 later

71.5200 254.610 53.5788 11.0700 aangelegdan
130.320 254.610 17.0280 11.0700 weg
151.680 254.610 176.216 11.0700 Oostduinkerke-dorp-Oostduinkerke-bad,
334.800 254.610 20.7643 11.0700 maar
360.307 254.610 12.4601 11.0700 die

71.7600 266.610 19.6802 11.0700 baan
95.5200 266.610 31.7156 11.0700 schaadt
131.999 266.610 28.6061 11.0700 weinig
164.879 266.610 14.2758 11.0700 aan
183.599 266.610 9.5684 11.0700 de
197.280 266.610 54.7698 11.0700 grootschheid
257.280 266.610 14.6183 11.0700 van
276.480 266.610 12.5730 11.0700 het
293.811 266.610 46.0122 11.0700 landschap.

92.1600 279.090 15.0480 11.0700 Het
113.040 279.090 29.6604 11.0700 tweede
148.560 279.090 38.2576 11.0700 gedeelte,
193.199 279.090 14.7767 11.0700 hoe
213.599 279.090 35.6162 11.0700 prachtig
255.359 279.090 12.7314 11.0700 het
274.079 279.090 14.8896 11.0700 ook
295.199 279.090 15.5291 11.0700 nog
316.559 279.090 14.2263 11.0700 zijn
335.519 279.090 26.2825 11.0700 moge,
366.383 279.090 6.6825 11.0700 is

72.2400 291.090 49.4109 11.0700 veroordeeld
127.919 291.090 12.7710 11.0700 om
146.880 291.090 7.1627 11.0700 te
159.840 291.090 46.5805 11.0700 verdwijnen
213.121 291.090 18.5714 11.0700 door
237.361 291.090 14.7767 11.0700 den
258.480 291.090 27.8289 11.0700 aanleg
290.640 291.090 13.2026 11.0700 der
309.090 291.090 63.6798 11.0700 visschershaven

72.4800 303.090 14.6183 11.0700 van
91.4405 303.090 9.6872 11.0700 de
105.668 303.090 29.6752 11.0700 Panne.

92.4000 315.090 63.7421 11.0700 Onvermijdelijk
163.920 315.090 11.2662 11.0700 zal
180.720 315.090 14.4639 11.0700 dus
201.120 315.090 14.3015 11.0700 van
221.760 315.090 29.5812 11.0700 gansch
255.840 315.090 9.6872 11.0700 de
269.519 315.090 65.5657 11.0700 oorspronkelijke
340.793 315.090 32.7928 11.0700 duinen-

72.4800 327.090 22.3225 11.0700 reeks
103.679 327.090 16.0043 11.0700 nog
128.639 327.090 28.7892 11.0700 slechts
166.559 327.090 9.5684 11.0700 de
185.040 327.090 25.0767 11.0700 streek
219.599 327.090 36.5211 11.0700 tusschen
264.479 327.090 50.2593 11.0700 Nieuwpoort
322.799 327.090 9.4495 11.0700 en
340.833 327.090 32.8927 11.0700 Coxyde

72.2400 339.090 49.8564 11.0700 overblijven,
129.120 339.090 22.3295 11.0700 tenzij
157.681 339.090 17.9131 11.0700 men
181.680 339.090 14.8896 11.0700 ook
202.320 339.090 18.1160 11.0700 daar
226.799 339.090 14.1174 11.0700 aan
248.160 339.090 4.9896 11.0700 't
259.679 339.090 32.5908 11.0700 bouwen
298.559 339.090 20.7068 11.0700 gaat,
325.680 339.090 14.2114 11.0700 iets
344.880 339.090 14.5728 11.0700 wat
363.908 339.090 10.1079 11.0700 op

72.4800 351.090 12.7314 11.0700 het
89.5209 351.090 41.9443 11.0700 oogenblik
137.113 351.090 28.4704 11.0700 dreigt.

92.6400 363.570 19.8050 11.0700 Gaat
118.560 363.570 10.9157 11.0700 dit
135.359 363.570 18.2150 11.0700 door
159.359 363.570 14.9351 11.0700 dan
180.719 363.570 6.5637 11.0700 is
192.719 363.570 29.3832 11.0700 gansch
227.279 363.570 12.5730 11.0700 het
244.318 363.570 57.1854 11.0700 natuurschoon
306.719 363.570 22.7878 11.0700 onzer
333.359 363.570 17.4389 11.0700 kust
355.823 363.570 18.0368 11.0700 voor

72.9600 375.570 77.9823 11.0700 natuurliefhebbers,
158.880 375.570 49.5960 11.0700 wetenschap
212.879 375.570 9.3307 11.0700 en
226.559 375.570 36.8438 11.0700 touristen
268.559 375.570 60.7226 11.0700 onherroepelijk
335.433 375.570 37.9883 11.0700 verloren.

284.160 392.952 8.1388 8.8560 A.
298.800 392.952 12.2215 8.8560 DE
317.646 392.952 35.7152 8.8560 LATTIN.

78.2400 440.130 28.0210 11.0700 ONZE
113.519 440.130 89.7999 11.0700 TWEEDAAGSCEE
211.679 440.130 45.0806 11.0700 UITSTAP
264.959 440.130 22.0374 11.0700 VAN
296.073 440.130 71.0721 11.0700 PINKSTEREN.

94.5600 457.650 8.9001 11.0700 In
108.960 457.650 49.2624 11.0700 aansluiting
163.680 457.650 15.3905 11.0700 met
184.559 457.650 55.2321 11.0700 bovenstaand
245.759 457.650 31.9829 11.0700 artikel,
282.719 457.650 47.4735 11.0700 herinneren
336.719 457.650 13.4442 11.0700 wij
356.046 457.650 17.5586 11.0700 hiei'

74.6400 470.850 14.7510 11.0700 aan
97.4397 470.850 15.0935 11.0700 den
119.759 470.850 30.7217 11.0700 uitstap
158.398 470.850 25.2965 11.0700 welke
191.279 470.850 13.6026 11.0700 wij
212.399 470.850 15.7073 11.0700 met
238.319 470.850 9.5684 11.0700 de
258.719 470.850 63.3640 11.0700 Pinksterdagen
333.599 470.850 19.0070 11.0700 naar
363.918 470.850 9.5684 11.0700 de

74.6400 484.050 43.4551 11.0700 bedreigde
124.800 484.050 56.8508 11.0700 duinenstreek
189.119 484.050 30.7444 11.0700 hebben
227.564 484.050 42.6591 11.0700 ingericht.

94.5600 497.250 21.3385 11.0700 Deze
121.680 497.250 30.5197 11.0700 uitstap
159.119 497.250 6.5637 11.0700 is
171.359 497.250 24.4193 11.0700 onder
202.559 497.250 15.1955 11.0700 alle
223.918 497.250 42.1265 11.0700 opzichten
272.639 497.250 14.1174 11.0700 een
292.799 497.250 27.7645 11.0700 sukses
328.273 497.250 45.6291 11.0700 geworden.

94.8000 510.450 18.3249 11.0700 Niet
120.479 510.450 25.5618 11.0700 alleen
152.639 510.450 6.8013 11.0700 is
165.840 510.450 7.9744 11.0700 er
180.721 510.450 23.7877 11.0700 volop
211.201 510.450 15.4103 11.0700 van
234.001 510.450 9.9247 11.0700 de
250.322 510.450 66.0231 11.0700 ongeëvenaarde
324.904 510.450 48.7476 11.0700 schoonheid

75.8400 523.650 13.6778 11.0700 der
96.2399 523.650 26.4627 11.0700 streek
130.319 523.650 33.8441 11.0700 genoten
171.840 523.650 9.4495 11.0700 en
187.680 523.650 16.1330 11.0700 was
210.480 523.650 9.6872 11.0700 de
226.560 523.650 42.2641 11.0700 stemming
276.240 523.650 24.6094 11.0700 onder
308.161 523.650 9.6871 11.0700 de
325.662 523.650 49.0852 11.0700 deelnemers

75.1200 536.850 49.0545 11.0700 uitstekend,
130.799 536.850 21.6553 11.0700 maar
158.879 536.850 7.8556 11.0700 er
173.039 536.850 6.5637 11.0700 is
184.799 536.850 15.2064 11.0700 ook
205.679 536.850 20.0475 11.0700 flink
232.798 536.850 21.4771 11.0700 werk
260.638 536.850 35.0163 11.0700 verricht
303.552 536.850 45.6291 11.0700 geworden.

97.4400 550.050 5.7222 11.0700 's
108.960 550.050 37.1428 11.0700 Zondags
154.320 550.050 5.7222 11.0700 's
166.320 550.050 30.5068 11.0700 avonds
203.279 550.050 21.0811 11.0700 heeft
231.840 550.050 13.0482 11.0700 het
252.000 550.050 32.8225 11.0700 bestuur
292.321 550.050 15.3905 11.0700 met
316.187 550.050 58.5011 11.0700 verschillende

75.6000 563.250 68.8228 11.0700 afgevaardigden
150.240 563.250 15.5687 11.0700 van
170.640 563.250 51.8166 11.0700 aangesloten
227.519 563.250 34.0996 11.0700 kringen
266.639 563.250 45.1321 11.0700 vergaderd
317.279 563.250 12.5334 11.0700 om
334.080 563.250 7.6379 11.0700 te
347.092 563.250 27.9328 11.0700 onder-

75.6000 576.450 29.4624 11.0700 zoeken
112.080 576.450 16.2459 11.0700 M'at
134.880 576.450 18.9278 11.0700 voor
160.559 576.450 9.6872 11.0700 de
176.399 576.450 43.6610 11.0700 bedreigde
227.039 576.450 29.6604 11.0700 duinen
263.759 576.450 15.2519 11.0700 kan
286.799 576.450 30.6504 11.0700 gedaan
324.960 576.450 32.1156 11.0700 worden
365.118 576.450 9.3307 11.0700 en

371.520 590.782 4.4540 9.9608 3

143.040 67.2300 5.7222 9.0900 's
153.839 67.2300 60.9979 9.0900 anderendaags
220.560 67.2300 36.7191 9.0900 kwamen
263.039 67.2300 15.1955 9.0900 alle
283.679 67.2300 49.0852 9.0900 deelnemers
338.399 67.2300 7.9151 9.0900 in
351.839 67.2300 9.6871 9.0900 de
366.480 67.2300 59.2337 9.0900 Duinenstreek
432.687 67.2300 7.5190 9.0900 te

141.840 80.1900 26.9577 9.0900 samen
174.479 80.1900 9.3307 9.0900 en
188.878 80.1900 21.3196 9.0900 werd
215.998 80.1900 19.1852 9.0900 daar
240.958 80.1900 43.8986 9.0900 opvolgens
290.158 80.1900 13.2066 9.0900 het
309.118 80.1900 27.0844 9.0900 woord
342.238 80.1900 34.8757 9.0900 gevoerd
382.798 80.1900 19.2842 9.0900 door
407.998 80.1900 9.6871 9.0900 de
422.950 80.1900 17.8339 9.0900 hee

142.080 93.1500 13.7511 9.0900 ren
161.280 93.1500 9.9347 9.0900 A.
175.920 93.1500 9.8059 9.0900 de
190.799 93.1500 27.3487 9.0900 Lattin
225.359 93.1500 13.5868 9.0900 (V.
243.839 93.1500 5.6945 9.0900 t.
254.640 93.1500 9.6852 9.0900 B.
268.800 93.1500 7.6349 9.0900 v.
281.760 93.1500 17.0933 9.0900 Nen
304.320 93.1500 19.7149 9.0900 Hl.),
328.560 93.1500 9.2704 9.0900 E.
342.720 93.1500 28.6110 9.0900 Frison
379.288 93.1500 61.2582 9.0900 (Wetenschap

141.840 106.110 29.9178 9.0900 pelijke
176.880 106.110 31.7849 9.0900 kring),
213.120 106.110 8.9506 9.0900 F.
226.559 106.110 40.3445 9.0900 Dermond
273.600 106.110 29.4872 9.0900 (Kring
307.920 106.110 19.1060 9.0900 voor
332.160 106.110 56.5429 9.0900 Bouwkunde)
395.520 106.110 9.4495 9.0900 en
410.159 106.110 8.5407 9.0900 L.
423.278 106.110 17.4101 9.0900 Van

142.080 119.070 13.6778 9.0900 der
162.239 119.070 44.4936 9.0900 Swaelmen
214.078 119.070 44.6332 9.0900 (Vrienden
265.199 119.070 15.5687 9.0900 van
287.038 119.070 13.2066 9.0900 het
307.161 119.070 63.1402 9.0900 Zoniënbosch).

162.240 132.990 16.5488 9.0900 Met
184.559 132.990 46.1419 9.0900 algemeene
236.159 132.990 38.3447 9.0900 stemmen
280.078 132.990 21.8542 9.0900 werd
307.918 132.990 30.1554 9.0900 daarna
344.158 132.990 9.6871 9.0900 de
359.278 132.990 39.5089 9.0900 volgende
405.650 132.990 35.7548 9.0900 dagorde

142.320 148.110 40.2881 9.0900 gestemd:

162.720 160.830 11.8553 9.0900 De
180.480 160.830 54.3015 9.0900 Vereeniging
241.439 160.830 11.3909 9.0900 tot
259.199 160.830 33.2244 9.0900 Behoud
299.040 160.830 15.5687 9.0900 van
320.639 160.830 34.7985 9.0900 Natuur
362.159 160.830 9.4495 9.0900 en
378.663 160.830 62.9501 9.0900 Htedenschoon,

142.560 174.030 15.5489 9.0900 met
163.199 174.030 9.8059 9.0900 de
177.359 174.030 68.8228 9.0900 afgevaardigden
252.479 174.030 23.0274 9.0900 harer
281.040 174.030 52.0344 9.0900 aangesloten
338.640 174.030 34.0996 9.0900 kringen
378.240 174.030 9.9891 9.0900 op
392.880 174.030 15.0935 9.0900 den
413.700 174.030 27.5665 9.0900 «IIoo

142.800 187.230 15.0935 9.0900 gen
163.919 187.230 33.3175 9.0900 Blikker
201.600 187.230 4.9500 9.0900 »
212.640 187.230 40.5801 9.0900 (Coxyde)
260.640 187.230 7.7566 9.0900 te
274.320 187.230 26.9577 9.0900 samen
308.489 187.230 41.8938 9.0900 gekomen.

163.200 200.430 15.3648 9.0900 Het
187.440 200.430 30.3950 9.0900 gevaai
225.360 200.430 43.6649 9.0900 vernomen
277.200 200.430 41.3741 9.0900 hebbende
327.600 200.430 13.6818 9.0900 dat
350.160 200.430 9.5684 9.0900 de
368.401 200.430 46.8211 9.0900 duinstreek
424.725 200.430 16.3023 9.0900 tus

142.560 213.630 24.1263 9.0900 schen
177.119 213.630 76.0399 9.0900 OostDuinkerken
264.239 213.630 9.4495 9.0900 en
283.679 213.630 33.2887 9.0900 Coxyde
326.879 213.630 39.7564 9.0900 bedreigt.
377.039 213.630 43.4808 9.0900 Herinnert
432.199 213.630 9.6871 9.0900 de

142.800 226.830 40.8256 9.0900 pogingen
188.640 226.830 22.2156 9.0900 sinds
215.760 226.830 20.7643 9.0900 meer
241.920 226.830 15.5687 9.0900 dan
263.040 226.830 9.6426 9.0900 10
276.959 226.830 17.5666 9.0900 jaar
300.239 226.830 19.2842 9.0900 door
324.960 226.830 19.1852 9.0900 haar
350.160 226.830 49.0604 9.0900 aangewend
405.121 226.830 12.6522 9.0900 om
423.299 226.830 18.8288 9.0900 deze

143.040 240.030 26.4627 9.0900 streek
176.159 240.030 7.6379 9.0900 te
189.839 240.030 40.0950 9.0900 bewaren.
236.399 240.030 26.2330 9.0900 Drukt
269.759 240.030 19.0070 9.0900 haar
295.918 240.030 79.8286 9.0900 verontwaardiging
383.278 240.030 11.5493 9.0900 uit
401.998 240.030 13.3650 9.0900 dat
422.769 240.030 19.6951 9.0900 niet

143.280 253.230 58.1031 9.0900 tegenstaande
206.400 253.230 13.2066 9.0900 het
224.640 253.230 42.7343 9.0900 veelzijdig
272.880 253.230 29.1060 9.0900 belang
307.201 253.230 22.8670 9.0900 dezer
335.281 253.230 29.3476 9.0900 streek,
370.081 253.230 9.8059 9.0900 de
384.480 253.230 29.1139 9.0900 laatste
418.980 253.230 23.7263 9.0900 onge

142.800 266.430 17.3785 9.0900 rept
166.320 266.430 38.6080 9.0900 gebleven
210.960 266.430 29.6604 9.0900 duinen
246.241 266.430 29.5862 9.0900 zonder
281.521 266.430 41.4919 9.0900 noodzaak
329.521 266.430 51.1216 9.0900 geschonden
387.473 266.430 35.3905 9.0900 worden.

163.680 279.630 35.0896 9.0900 Teekent
205.919 279.630 54.5292 9.0900 krachtdadig
267.839 279.630 26.5865 9.0900 verzet
301.680 279.630 15.0678 9.0900 aan
323.999 279.630 9.5684 9.0900 en
340.080 279.630 37.9249 9.0900 verzoekt
385.200 279.630 39.7198 9.0900 dringend
432.920 279.630 9.6871 9.0900 de

143.520 292.830 44.7856 9.0900 betrokken
195.359 292.830 45.3836 9.0900 overheden
249.119 292.830 29.5099 9.0900 (Staat,
285.598 292.830 42.4849 9.0900 Provincie
335.279 292.830 9.5684 9.0900 en
351.359 292.830 52.2482 9.0900 Gemeenten)
412.542 292.830 30.4029 9.0900 onmid

143.520 306.030 27.7576 9.0900 dellijk
176.639 306.030 9.8059 9.0900 de
190.079 306.030 34.3332 9.0900 noodige
228.960 306.030 54.1233 9.0900 maatregelen
288.240 306.030 7.7566 9.0900 te
299.999 306.030 28.1279 9.0900 nemen
332.639 306.030 12.5334 9.0900 om
348.720 306.030 13.2066 9.0900 het
366.719 306.030 38.8258 9.0900 ongerept
411.208 306.030 31.5612 9.0900 behoud

143.760 319.230 13.5194 9.0900 der
162.000 319.230 29.6604 9.0900 duinen
196.560 319.230 8.0339 9.0900 in
208.800 319.230 32.2245 9.0900 hunnen
245.999 319.230 71.2374 9.0900 tegenwoordigen
322.319 319.230 37.1547 9.0900 toestand
364.799 319.230 43.8174 9.0900 beslissend
413.520 319.230 7.7566 9.0900 te
426.316 319.230 16.8686 9.0900 ver

143.520 332.430 36.6290 9.0900 zekeren.

164.160 345.630 21.1603 9.0900 Deze
191.280 345.630 35.5529 9.0900 dagorde
233.520 345.630 21.4978 9.0900 werd
261.599 345.630 59.9524 9.0900 onderteekend
328.560 345.630 19.2842 9.0900 door
354.241 345.630 9.5684 9.0900 de
369.601 345.630 54.3015 9.0900 Vereeniging
431.313 345.630 11.7077 9.0900 tot

144.000 358.830 32.8284 9.0900 Behoud
185.040 358.830 15.2519 9.0900 van
208.320 358.830 34.7985 9.0900 Natuur
251.279 358.830 9.4496 9.0900 en
268.558 358.830 62.8274 9.0900 Stedenschoon,
339.359 358.830 15.7073 9.0900 met
362.639 358.830 19.4436 9.0900 hare
391.054 358.830 52.0344 9.0900 aangesloten

143.520 372.030 38.5753 9.0900 kringen:
189.600 372.030 85.1341 9.0900 Wetenschappelijke
283.201 372.030 26.0429 9.0900 Kring
321.360 372.030 56.7171 9.0900 (Antwerpen)
383.040 372.030 2.7522 9.0900 ;
395.284 372.030 47.8031 9.0900 Vlaamsche

143.760 385.230 63.5837 9.0900 Toeristenbond
215.999 385.230 57.5685 9.0900 (Antwerpen;
281.038 385.230 38.5486 9.0900 Moderne
326.637 385.230 29.0367 9.0900 Kunst,
362.637 385.230 26.0429 9.0900 Kring
396.716 385.230 18.5714 9.0900 voor
422.608 385.230 20.5752 9.0900 Bou

143.760 398.430 27.0785 9.0900 kunde
183.360 398.430 56.9349 9.0900 (Antwerpen)
245.279 398.430 2.7522 9.0900 ;
256.800 398.430 48.0170 9.0900 Vlaamsche
316.080 398.430 50.2593 9.0900 Padvinders
380.291 398.430 62.8927 9.0900 (Antwerpen);

144.000 411.630 25.9400 9.0900 Kunst
175.440 411.630 9.4495 9.0900 en
189.120 411.630 30.5068 9.0900 Kennis
225.599 411.630 34.0025 9.0900 (Gent);
263.519 411.630 25.0450 9.0900 Kenis
293.039 411.630 23.4472 9.0900 Gilde
322.079 411.630 25.5717 9.0900 (Lier)
353.518 411.630 9.4495 9.0900 en
367.198 411.630 19.2842 9.0900 door
391.438 411.630 4.9500 9.0900 «
398.878 411.630 11.9740 9.0900 De
415.622 411.630 28.0417 9.0900 Vrien

144.720 424.830 15.0935 9.0900 den
165.839 424.830 15.4103 9.0900 van
187.440 424.830 13.2066 9.0900 het
206.640 424.830 62.2463 9.0900 Zoniënbosch»
277.592 424.830 44.4708 9.0900 (Brussel).

163.920 438.030 12.1275 9.0900 Zij
181.439 438.030 6.5637 9.0900 is
192.478 438.030 57.1230 9.0900 overgemaakt
255.598 438.030 42.5561 9.0900 geworden
303.838 438.030 14.7510 9.0900 aan
323.999 438.030 9.5684 9.0900 de
338.159 438.030 21.2771 9.0900 pers,
364.079 438.030 14.9094 9.0900 aan
384.239 438.030 7.4745 9.0900 al
396.478 438.030 9.5684 9.0900 de
411.617 438.030 32.0483 9.0900 betrok

144.960 451.230 15.2519 9.0900 ken
165.840 451.230 39.1377 9.0900 officieele
211.680 451.230 39.3594 9.0900 Besturen
257.520 451.230 9.4495 9.0900 en
272.159 451.230 53.5887 9.0900 Commissies,
331.438 451.230 14.7510 9.0900 aan
352.318 451.230 9.9248 9.0900 de
366.958 451.230 29.1901 9.0900 heeren
403.159 451.230 41.4256 9.0900 Ministers

145.440 464.430 9.4495 9.0900 en
161.280 464.430 14.7510 9.0900 aan
182.640 464.430 58.7149 9.0900 verschillende
249.993 464.430 115.988 9.0900 volksvertegenwoordigers.

276.000 480.338 33.0397 16.8812 ♦♦♦

174.960 503.950 125.714 8.9300 INTEEKENINGSLIJSTEN
307.439 503.950 28.9129 8.9300 VOOR
341.999 503.950 21.4632 8.9300 HET
370.047 503.950 2.7383 8.9300 B
376.895 503.950 37.2814 8.9300 EHOUD

241.920 517.390 34.9034 8.9300 ONZER
282.571 517.390 65.1351 8.9300 ZEEDUINEN.

165.360 532.590 8.7813 9.0900 In
181.440 532.590 11.3909 9.0900 dit
199.920 532.590 35.9419 9.0900 nummer
242.881 532.590 26.4478 9.0900 zullen
276.480 532.590 19.5020 9.0900 onze
302.640 532.590 22.9561 9.0900 leden
333.120 532.590 14.1174 9.0900 een
354.000 532.590 41.3206 9.0900 formulier
403.920 532.590 19.1060 9.0900 voor
430.774 532.590 13.2066 9.0900 het

144.960 546.750 44.0629 9.0900 inzamelen
195.359 546.750 15.5687 9.0900 van
216.719 546.750 76.1468 9.0900 handteekeningen
300.789 546.750 32.5532 9.0900 vinden.

165.840 560.910 12.1275 9.0900 Zij
182.639 560.910 32.7096 9.0900 worden
220.079 560.910 39.9277 9.0900 dringend
264.958 560.910 37.5091 9.0900 verzocht
307.679 560.910 7.8556 9.0900 er
319.918 560.910 20.2376 9.0900 flink
345.837 560.910 22.8631 9.0900 mede
372.718 560.910 7.7566 9.0900 te
384.718 560.910 32.2195 9.0900 werken
422.397 560.910 9.4495 9.0900 en
436.067 560.910 8.6972 9.0900 ze

145.440 575.070 14.1610 9.0900 ons
165.839 575.070 37.3705 9.0900 zoohaast
210.719 575.070 37.9833 9.0900 mogelijk
256.559 575.070 15.5489 9.0900 met
278.879 575.070 75.4816 9.0900 handteekeningen
362.158 575.070 36.5765 9.0900 bekleed,
405.598 575.070 23.3779 9.0900 terug
437.007 575.070 7.7566 9.0900 te

145.200 589.230 33.3214 9.0900 zenden.

143.760 604.084 4.4540 8.1792 4

87.1200 62.9100 15.2658 9.0900 liet
110.160 62.9100 21.8245 9.0900 komt
139.439 62.9100 7.9744 9.0900 er
154.800 62.9100 10.1079 9.0900 op
171.600 62.9100 14.7510 9.0900 aan
193.680 62.9100 7.6379 9.0900 te
208.320 62.9100 38.5664 9.0900 bewijzen
255.121 62.9100 13.3650 9.0900 dat
276.240 62.9100 13.4442 9.0900 wij
297.361 62.9100 15.5489 9.0900 met
321.378 62.9100 44.6728 9.0900 duizenden

67.2000 75.8700 25.6509 9.0900 staan,
99.8403 75.8700 13.3650 9.0900 dat
120.479 75.8700 7.9745 9.0900 er
135.360 75.8700 7.9150 9.0900 in
149.761 75.8700 14.1610 9.0900 ons
170.641 75.8700 18.4972 9.0900 land
196.561 75.8700 14.7173 9.0900 wel
217.921 75.8700 35.0787 9.0900 degelijk
261.360 75.8700 14.1174 9.0900 een
282.001 75.8700 25.9538 9.0900 massa
314.641 75.8700 31.1989 9.0900 bestaat
353.593 75.8700 12.9353 9.0900 die

67.6800 88.8300 13.8006 9.0900 een
88.0799 88.8300 22.9561 9.0900 einde
117.840 88.8300 13.2205 9.0900 wil
137.520 88.8300 30.6603 9.0900 gesteld
175.440 88.8300 17.3488 9.0900 zien
199.440 88.8300 14.9094 9.0900 aan
221.520 88.8300 13.0482 9.0900 het
241.680 88.8300 54.8955 9.0900 voortdurend
305.705 88.8300 60.3435 9.0900 verkwanselen

67.9200 101.790 23.3581 9.0900 onzer
96.4805 101.790 91.2295 9.0900 natuurschoonheden;
193.921 101.790 13.9590 9.0900 een
213.121 101.790 25.9538 9.0900 massa
244.560 101.790 12.6185 9.0900 die
262.559 101.790 24.6213 9.0900 eischt
292.800 101.790 13.3650 9.0900 dat
312.240 101.790 37.9685 9.0900 eindelijk
357.320 101.790 9.6871 9.0900 de

67.9200 114.750 45.0292 9.0900 Regeering
119.040 114.750 19.1852 9.0900 haar
144.480 114.750 24.5322 9.0900 plicht
175.440 114.750 30.1999 9.0900 bewust
212.400 114.750 26.6567 9.0900 worde
245.039 114.750 9.0931 9.0900 en
259.919 114.750 14.1610 9.0900 ons
279.599 114.750 9.6871 9.0900 de
296.086 114.750 70.9236 9.0900 natuurreserven

67.9200 127.710 34.5371 9.0900 schenke
108.960 127.710 12.9353 9.0900 die
127.680 127.710 22.2156 9.0900 sinds
155.759 127.710 22.8155 9.0900 jaren
185.039 127.710 51.3414 9.0900 vruchteloos
242.879 127.710 41.2434 9.0900 gevi*aagd
291.030 127.710 35.5925 9.0900 worden.

88.5600 140.670 44.9183 9.0900 Inderdaad
142.080 140.670 22.6829 9.0900 vindt
172.560 140.670 17.7547 9.0900 men
197.760 140.670 15.6875 9.0900 nog
221.279 140.670 39.9307 9.0900 dagelijks
269.519 140.670 45.9786 9.0900 millioenen
323.518 140.670 19.2842 9.0900 voor
350.333 140.670 16.1924 9.0900 aMe

67.4400 153.630 40.8850 9.0900 denkbare
115.199 153.630 50.0346 9.0900 doeleinden,
171.359 153.630 21.8335 9.0900 maar
199.680 153.630 19.2842 9.0900 voor
225.360 153.630 13.2066 9.0900 het
244.800 153.630 37.0121 9.0900 bewaren
288.480 153.630 23.7382 9.0900 onzer
319.141 153.630 47.9655 9.0900 landschap

67.4400 166.590 14.9351 9.0900 pen
90.0001 166.590 17.8398 9.0900 (een
113.999 166.590 29.7554 9.0900 sociaal
150.240 166.590 29.1060 9.0900 belang
185.760 166.590 11.2860 9.0900 bij
203.761 166.590 65.6885 9.0900 uitnemendheid
276.481 166.590 43.2907 9.0900 nochtans)
327.841 166.590 15.2797 9.0900 kon
350.742 166.590 15.6875 9.0900 nog

67.2000 179.550 19.3238 9.0900 geen
92.3995 179.550 17.6517 9.0900 cent
115.679 179.550 52.9749 9.0900 beschikbaar
174.959 179.550 30.6603 9.0900 gesteld
212.441 179.550 34.9807 9.0900 worden.

199.440 197.572 32.5755 16.0767 ♦♦♦

156.000 221.230 27.8428 8.9300 ONZE
189.533 221.230 33.2808 8.9300 MASTB
226.029 221.230 51.5958 8.9300 OSSCHEN.

88.3200 238.110 56.3607 9.0900 Onderstaand
151.199 238.110 30.9969 9.0900 bericht
188.159 238.110 45.9756 9.0900 verscheen,
240.239 238.110 29.1901 9.0900 zonder
275.999 238.110 56.6874 9.0900 commentaar,
339.119 238.110 7.9151 9.0900 in
353.330 238.110 12.8898 9.0900 het

67.6800 251.310 66.4815 9.0900 «Nieuwsblad»
141.120 251.310 13.6778 9.0900 der
160.800 251.310 43.4452 9.0900 Kempen»
211.200 251.310 15.0935 9.0900 van
232.800 251.310 9.8307 9.0900 11
248.228 251.310 23.7937 9.0900 Juni:

134.640 270.270 56.8329 9.0900 OPENBARE
199.199 270.270 69.4366 9.0900 VERKOOPING
276.577 270.270 22.1107 9.0900 VAN

173.520 283.630 85.2826 8.9300 MASTBOSSCHEN

93.1200 297.070 8.4299 8.9300 in
106.799 297.070 10.0534 8.9300 de
122.400 297.070 48.9852 8.9300 Schietbaan
177.120 297.070 15.9390 8.9300 van
198.720 297.070 15.7806 8.9300 den
220.079 297.070 41.5156 8.9300 Polygoon
267.599 297.070 16.0974 8.9300 van
290.310 297.070 2.6898 8.9300 B
297.138 297.070 44.0877 8.9300 rasschaet.

87.8400 313.950 11.7365 9.0900 De
105.840 313.950 46.6191 9.0900 Ontvanger
159.840 313.950 13.5194 9.0900 der
180.001 313.950 43.8699 9.0900 Domeinen
230.881 313.950 7.7567 9.0900 te
244.800 313.950 32.4265 9.0900 Brecht,
284.161 313.950 12.0582 9.0900 zal
302.880 313.950 10.1079 9.0900 op
320.220 314.110 46.1885 8.9300 Woensdag

67.9200 327.070 9.9594 8.9300 21
84.2401 327.070 19.7208 8.9300 Juni
110.880 327.070 22.4492 8.9300 1922,
139.920 326.910 12.6522 9.0900 om
159.361 326.910 4.9500 9.0900 8
168.001 326.910 9.8564 9.0900 VI'
183.121 326.910 14.6560 9.0900 uur
208.081 326.910 55.7667 9.0900 voormiddag,
274.080 326.910 11.6780 9.0900 ter
295.680 326.910 36.6914 9.0900 Herberg
344.262 326.910 22.4384 9.0900 «Het

67.9200 339.870 40.7543 9.0900 Dambord
113.040 339.870 4.9500 9.0900 »
122.879 339.870 7.6378 9.0900 te
136.320 339.870 32.0225 9.0900 Brecht,
174.959 339.870 40.2405 9.0900 openbaar
221.519 339.870 45.8746 9.0900 verkoopen
274.079 339.870 9.4495 9.0900 de
289.439 339.870 39.3010 9.0900 volgende
336.071 339.870 30.4573 9.0900 masten

67.4400 352.830 33.6105 9.0900 staande
106.079 352.830 7.7567 9.0900 te
118.319 352.830 30.5465 9.0900 wassen
154.079 352.830 10.1079 9.0900 op
168.959 352.830 9.6872 9.0900 de
182.879 352.830 46.5191 9.0900 schietbaan
234.959 352.830 15.4103 9.0900 van
255.359 352.830 15.0935 9.0900 den
275.279 352.830 41.3800 9.0900 Polygoon
322.079 352.830 15.2519 9.0900 van
342.795 352.830 23.5897 9.0900 Bras

67.6800 365.790 29.7515 9.0900 schaet,
105.120 365.790 24.4193 9.0900 onder
137.761 365.790 9.6872 9.0900 de
154.801 365.790 46.6250 9.0900 gemeenten
209.280 365.790 29.3288 9.0900 Brecht
246.720 365.790 9.5683 9.0900 en
264.001 365.790 55.6083 9.0900 Wuestwezel,
328.468 365.790 37.5022 9.0900 verdeeld

68.1600 378.750 7.6775 9.0900 in
80.1608 378.750 15.7351 9.0900 3Ó3
99.8499 378.750 34.2936 9.0900 koopen.

88.3200 392.910 7.2805 9.0900 1.
99.8406 392.910 9.9000 9.0900 —
115.200 392.910 10.1871 9.0900 41
129.840 392.910 11.0642 9.0900 PI.
145.441 392.910 9.7614 9.0900 50
160.561 392.910 6.8647 9.0900 a.
173.041 392.910 30.6553 9.0900 masten
209.761 392.910 15.2519 9.0900 van
230.881 392.910 4.9500 9.0900 4
240.720 392.910 11.8661 9.0900 tot
258.720 392.910 4.9500 9.0900 9
268.560 392.910 10.4099 9.0900 m.
284.159 392.910 29.7891 9.0900 lengte,
319.680 392.910 27.8339 9.0900 geheel
353.492 392.910 13.1333 9.0900 ge

67.6800 405.870 26.1013 9.0900 schikt
99.6006 405.870 19.4624 9.0900 voor
126.090 405.870 42.6136 9.0900 mijnhout.

88.0800 419.310 7.4055 9.0900 2.
101.280 419.310 9.9000 9.0900 —
118.081 419.310 9.7911 9.0900 65
134.401 419.310 10.3930 9.0900 II.
151.681 419.310 30.4573 9.0900 masten
190.081 419.310 15.2519 9.0900 van
212.642 419.310 4.9500 9.0900 5
224.161 419.310 11.3909 9.0900 tot
243.601 419.310 4.9500 9.0900 7
254.881 419.310 10.4099 9.0900 m.
272.160 419.310 29.5871 9.0900 lengte,
310.193 419.310 56.1538 9.0900 grootendeels

67.4400 432.270 36.7458 9.0900 geschikt
110.400 432.270 19.1060 9.0900 voor
137.368 432.270 42.6136 9.0900 mijnhout.

88.0800 445.710 7.0808 9.0900 3.
100.080 445.710 9.9000 9.0900 —
115.680 445.710 9.5684 9.0900 27
130.320 445.710 11.0642 9.0900 PI.
145.921 445.710 30.4573 9.0900 masten
182.641 445.710 47.8368 9.0900 uitsluitend
237.120 445.710 34.8529 9.0900 dienstig
278.640 445.710 19.1060 9.0900 voor
304.876 445.710 46.4666 9.0900 stookhout.

87.3600 464.910 21.3385 9.0900 Naar
114.480 464.910 46.2063 9.0900 aanleiding
166.560 464.910 35.6756 9.0900 daarvan
208.079 464.910 40.0732 9.0900 plaatsten
254.399 464.910 13.4442 9.0900 wij
273.360 464.910 39.9247 9.0900 volgende
318.239 464.910 18.3546 9.0900 nota
343.199 464.910 7.7962 9.0900 in
356.719 464.910 9.5684 9.0900 de

67.6800 478.350 50.0435 9.0900 dagbladen:

155.040 496.990 27.8428 8.9300 ONZE
189.774 496.990 32.0800 8.9300 MASTB
226.270 496.990 51.5958 8.9300 OSSCHEN.

87.8400 510.270 18.4378 9.0900 Men
112.319 510.270 19.8050 9.0900 weet
138.720 510.270 14.6183 9.0900 hoe
159.600 510.270 33.8342 9.0900 deerlijk
201.120 510.270 7.9150 9.0900 in
215.280 510.270 19.1456 9.0900 onze
240.720 510.270 59.6881 9.0900 mastbosschen
307.440 510.270 13.2521 9.0900 ten
328.437 510.270 37.3725 9.0900 Noorden

67.6800 523.470 23.1680 9.0900 onzer
95.7604 523.470 20.5861 9.0900 stad,
121.920 523.470 46.4290 9.0900 gedurende
173.760 523.470 15.0935 9.0900 den
194.160 523.470 27.6309 9.0900 oorlog
227.279 523.470 6.5637 9.0900 is
239.419 523.470 63.6827 9.0900 huisgehouden.

87.6000 536.670 26.5954 9.0900 Thans
118.800 536.670 22.7660 9.0900 leven
146.401 536.670 13.6026 9.0900 wij
165.121 536.670 8.1526 9.0900 in
177.600 536.670 47.1339 9.0900 vredestijd,
230.161 536.670 21.8335 9.0900 maar
257.281 536.670 9.8059 9.0900 de
271.680 536.670 37.1547 9.0900 toestand
314.400 536.670 6.6825 9.0900 is
325.679 536.670 7.9744 9.0900 er
339.031 536.670 27.3537 9.0900 geens

67.6800 549.870 16.5429 9.0900 zins
90.2401 549.870 10.1079 9.0900 op
106.319 549.870 44.9450 9.0900 verbeterd,
158.848 549.870 55.6113 9.0900 integendeel!

87.8400 563.310 11.8552 9.0900 De
104.640 563.310 53.3907 9.0900 verwoesting
163.679 563.310 23.1680 9.0900 onzer
191.999 563.310 38.4694 9.0900 bosschen
235.920 563.310 25.3222 9.0900 wordt
267.360 563.310 10.1079 9.0900 op
282.240 563.310 50.7969 9.0900 reusachtige
339.423 563.310 27.2547 9.0900 schaal

68.1600 576.510 45.4321 9.0900 voortgezet
120.720 576.510 9.5684 9.0900 en
135.840 576.510 17.4379 9.0900 men
159.359 576.510 27.8685 9.0900 vraagt
194.159 576.510 16.9052 9.0900 zicli
217.439 576.510 7.9200 9.0900 af'
231.359 576.510 20.9821 9.0900 waar
258.959 576.510 13.3650 9.0900 dat
278.879 576.510 37.1517 9.0900 eindigen
322.966 576.510 23.8154 9.0900 moet.

363.360 590.884 4.4540 8.1792 5

168.000 66.9900 12.7066 9.0900 Nu
186.719 66.9900 14.1332 9.0900 pas
206.639 66.9900 26.2687 9.0900 weder
239.039 66.9900 31.1989 9.0900 bericht
276.479 66.9900 14.1610 9.0900 ons
296.639 66.9900 9.5684 9.0900 de
312.000 66.9900 54.0837 9.0900 Vereeniging
372.720 66.9900 11.5493 9.0900 tot
390.960 66.9900 33.0264 9.0900 Behoud
430.958 66.9900 15.2519 9.0900 van

148.320 80.1900 31.2543 9.0900 Natuur
187.680 80.1900 9.5683 9.0900 en
204.241 80.1900 62.6135 9.0900 Stedenschoon,
274.320 80.1900 13.3650 9.0900 dat
295.439 80.1900 48.6347 9.0900 Woensdag,
351.360 80.1900 10.0683 9.0900 21
367.200 80.1900 25.7202 9.0900 dezer,
400.320 80.1900 9.6871 9.0900 de
417.563 80.1900 29.2228 9.0900 krijgs

148.320 93.3900 37.5715 9.0900 overheid
193.680 93.3900 16.1716 9.0900 niet
217.440 93.3900 30.7593 9.0900 minder
256.321 93.3900 15.5687 9.0900 dan
279.600 93.3900 14.8441 9.0900 133
300.961 93.3900 39.2347 9.0900 hektaren
348.240 93.3900 48.0863 9.0900 mastbosch,
404.401 93.3900 24.4193 9.0900 onder
437.120 93.3900 9.5684 9.0900 de

148.560 106.590 4.9500 9.0900 g
159.176 106.590 36.1964 9.0900 meenten
201.177 106.590 29.3288 9.0900 Brecht
236.937 106.590 9.4495 9.0900 en
251.336 106.590 55.8261 9.0900 Wuestwezel,
312.777 106.590 40.2405 9.0900 openbaar
359.096 106.590 7.4003 9.0900 te
372.056 106.590 21.0622 9.0900 koop
398.456 106.590 12.2166 9.0900 zal
416.372 106.590 31.0266 9.0900 stellen.

168.720 119.790 15.2064 9.0900 Het
189.840 119.790 6.8013 9.0900 is
201.600 119.790 63.6481 9.0900 waarschijnlijk
272.880 119.790 19.4931 9.0900 alles
298.081 119.790 15.2064 9.0900 wat
319.921 119.790 19.0070 9.0900 daar
345.361 119.790 15.5291 9.0900 nog
366.722 119.790 18.7229 9.0900 rest.
391.201 119.790 11.9740 9.0900 De
409.314 119.790 37.7131 9.0900 schilder

148.320 132.990 32.0305 9.0900 achtige
186.960 132.990 26.4627 9.0900 streek
220.320 132.990 19.8396 9.0900 rond
246.720 132.990 29.3288 9.0900 Brecht
283.199 132.990 25.5123 9.0900 wordt
316.079 132.990 31.5968 9.0900 daarbij
355.199 132.990 7.7962 9.0900 in
369.359 132.990 18.3793 9.0900 eens
394.079 132.990 34.9302 9.0900 gesloopl
437.478 132.990 9.2120 9.0900 en

148.560 146.190 49.2921 9.0900 platgelegd.
203.519 146.190 16.7270 9.0900 Een
226.080 146.190 17.6517 9.0900 echt
251.198 146.190 65.5835 9.0900 vandalenwerk.

169.200 159.630 11.7364 9.0900 De
185.760 159.630 22.6809 9.0900 haast
214.560 159.630 45.0450 9.0900 waarmede
264.960 159.630 7.7566 9.0900 te
277.920 159.630 21.2989 9.0900 werk
305.280 159.630 30.8484 9.0900 gegaan
342.000 159.630 25.5123 9.0900 wordt
373.680 159.630 17.4735 9.0900 zegt
397.200 159.630 30.2643 9.0900 genoeg
434.133 159.630 13.2066 9.0900 dat

149.520 173.070 17.5963 9.0900 men
173.280 173.070 15.3737 9.0900 alle
194.399 173.070 41.2513 9.0900 protesten
241.919 173.070 21.0811 9.0900 heeft
270.239 173.070 26.7399 9.0900 willen
303.839 173.070 48.4635 9.0900 onmogelijk
360.561 173.070 31.5810 9.0900 maken.

169.680 186.510 13.8758 9.0900 Zal
188.160 186.510 9.5684 9.0900 de
202.080 186.510 40.9583 9.0900 bevoegde
247.920 186.510 40.6474 9.0900 overheid,
293.281 186.510 11.5830 9.0900 zal
309.841 186.510 9.5684 9.0900 de
323.522 186.510 47.7180 9.0900 Kommissie
376.082 186.510 15.4103 9.0900 van
396.965 186.510 51.5028 9.0900 Landschap

150.000 199.950 17.7953 9.0900 pen,
174.240 199.950 10.4197 9.0900 nu
191.760 199.950 7.9744 9.0900 er
206.160 199.950 19.5842 9.0900 haie
232.080 199.950 39.5159 9.0900 aandacht
279.840 199.950 9.9891 9.0900 op
296.640 199.950 30.8831 9.0900 gewekt
335.521 199.950 9.2070 9.0900 is,
350.641 199.950 18.2061 9.0900 loch
376.320 199.950 21.3761 9.0900 laten
406.216 199.950 42.5997 9.0900 gebeuren,

150.000 213.390 18.3793 9.0900 eens
173.760 213.390 7.5190 9.0900 te
186.480 213.390 20.7643 9.0900 meer
212.880 213.390 34.3253 9.0900 lijdelijk
255.086 213.390 35.9608 9.0900 toezien.'

282.000 233.138 32.7229 16.8812 ♦♦♦

169.680 256.030 14.2263 8.9300 DE
191.279 256.030 1.6721 8.9300 B
197.850 256.030 38.3704 8.9300 OOMEN
243.839 256.030 21.3147 8.9300 DER
272.879 256.030 81.7641 8.9300 ANTWERPSCHE
363.648 256.030 64.2164 8.9300 VESTINGEN.

171.840 273.390 58.5476 9.0900 Verscheidene
237.359 273.390 41.6434 9.0900 gedeelten
286.079 273.390 23.3581 9.0900 onzer
316.559 273.390 41.6453 9.0900 vestingen
365.279 273.390 16.0083 9.0900 zijn
388.079 273.390 15.6875 9.0900 nog
410.879 273.390 15.6519 9.0900 rijk
434.654 273.390 14.4342 9.0900 aan

150.720 286.590 42.3661 9.0900 prachtige
201.119 286.590 69.4287 9.0900 boomengroepen
279.120 286.590 15.6955 9.0900 die,
302.160 286.590 19.1852 9.0900 naar
330.000 286.590 13.4442 9.0900 wij
351.599 286.590 26.6350 9.0900 stellig
386.399 286.590 28.8635 9.0900 hopen,
423.758 286.590 26.0518 9.0900 zullen

151.680 301.950 39.5089 9.0900 gespaard
198.314 301.950 33.2690 9.0900 blijven.

172.560 315.150 40.0891 9.0900 Sommige
218.160 315.150 16.8142 9.0900 dier
240.960 315.150 41.8493 9.0900 gedeelten
288.720 315.150 32.5116 9.0900 worden
327.360 315.150 26.5518 9.0900 echter
359.999 315.150 19.2842 9.0900 door
385.680 315.150 9.5684 9.0900 de
402.373 315.150 48.2526 9.0900 krijgsover

151.680 329.070 18.1408 9.0900 heid
175.920 329.070 11.6582 9.0900 als
193.200 329.070 55.3370 9.0900 oefenpleinen
255.840 329.070 40.6118 9.0900 gebruikt.
302.641 329.070 26.4667 9.0900 Tegen
335.521 329.070 9.5684 9.0900 de
350.641 329.070 33.2739 9.0900 boomen
390.000 329.070 32.7096 9.0900 worden
429.132 329.070 21.7345 9.0900 loop

152.400 342.990 38.6110 9.0900 grachten
197.040 342.990 40.1296 9.0900 gegraven
242.880 342.990 9.3307 9.0900 en
257.040 342.990 44.7084 9.0900 natiuirlijk
308.640 342.990 30.8385 9.0900 moeten
345.600 342.990 9.5684 9.0900 de
360.240 342.990 32.1572 9.0900 wortels
397.921 342.990 13.5194 9.0900 der
417.497 342.990 33.2739 9.0900 boomen

152.160 356.910 13.0482 9.0900 het
172.916 356.910 44.5064 9.0900 bekoopen.

172.560 370.350 20.9821 9.0900 Deze
198.480 370.350 32.4176 9.0900 werken
236.400 370.350 43.4551 9.0900 bedreigen
285.839 370.350 14.6223 9.0900 dus
305.760 370.350 13.0482 9.0900 het
324.721 370.350 32.7967 9.0900 bestaan
363.840 370.350 13.5194 9.0900 der
382.801 370.350 33.2739 9.0900 boomen
422.401 370.350 9.3307 9.0900 en
438.180 370.350 13.6026 9.0900 wij

152.880 383.550 30.7444 9.0900 hebben
188.880 383.550 7.8556 9.0900 er
201.599 383.550 15.5687 9.0900 dan
222.239 383.550 15.0480 9.0900 ook
242.159 383.550 9.6872 9.0900 de
256.319 383.550 39.9317 9.0900 aandacht
302.159 383.550 13.5194 9.0900 der
320.639 383.550 64.4638 9.0900 krijgsoverheid
391.678 383.550 9.9891 9.0900 op
407.754 383.550 44.6272 9.0900 gevestigd.

173.040 395.070 16.2360 9.0900 Wij
196.319 395.070 43.3066 9.0900 ontvingen
246.959 395.070 13.0482 9.0900 het
266.400 395.070 34.4698 9.0900 volgend
309.169 395.070 46.1320 9.0900 antwoord:

162.960 413.710 35.0717 8.9300 Bestuur
203.279 413.710 14.3748 8.9300 der
222.479 413.710 39.2060 8.9300 Militaire

311.760 413.550 52.1007 9.0900 Antwerpen,
369.839 413.550 15.0935 9.0900 den
390.478 413.550 9.8752 9.0900 14
404.638 413.550 19.3783 9.0900 Jiini
429.649 413.550 22.4928 9.0900 1922.

153.600 428.350 44.4243 8.9300 gebouwen
204.240 428.350 10.0832 8.9300 en
220.277 428.350 57.4497 8.9300 bouwwrerken

169.440 442.030 38.5308 8.9300 Nummer
212.880 442.030 12.1909 8.9300 67.
229.439 442.030 11.4573 8.9300 M.
245.547 442.030 24.8292 8.9300 38535

184.800 455.710 63.4907 8.9300 VOORWERP.

154.560 469.390 34.4470 8.9300 Domein
194.399 469.390 15.9390 8.9300 van
216.972 469.390 83.9322 8.9300 Landsverdediging.

174.720 483.870 17.7269 9.0900 Aan
198.719 483.870 15.4103 9.0900 den
220.079 483.870 20.8039 9.0900 Heer
247.439 483.870 45.7142 9.0900 Voorzitter
299.999 483.870 13.6778 9.0900 der
319.919 483.870 54.3015 9.0900 Vereeniging
380.878 483.870 11.3909 9.0900 tot
399.118 483.870 31.3632 9.0900 behoud
438.157 483.870 15.2519 9.0900 van

154.800 498.750 31.2543 9.0900 Natuur
193.680 498.750 9.4495 9.0900 en
210.820 498.750 63.2432 9.0900 Stedenschoon.

264.960 510.510 60.6672 9.0900 Vondelstraat,
332.097 510.510 12.5572 9.0900 22,

390.960 521.710 52.4759 8.9300 Antwerpen.

216.960 541.230 39.5782 9.0900 Mijnheer
263.999 541.230 9.4495 9.0900 de
279.985 541.230 48.5892 9.0900 Voorzitter,

176.640 556.110 14.4778 9.0900 Als
196.559 556.110 28.6061 9.0900 gevolg
231.119 556.110 10.1079 9.0900 op
246.479 556.110 12.6225 9.0900 uw
264.958 556.110 39.9366 9.0900 schrijven
311.998 556.110 15.2519 9.0900 van
333.598 556.110 14.0065 9.0900 29"
352.077 556.110 16.2459 9.0900 Mei
373.438 556.110 14.5768 9.0900 1.1.,
392.158 556.110 14.9747 9.0900 heb
413.038 556.110 7.9794 9.0900 ik
426.958 556.110 9.6871 9.0900 de
442.675 556.110 12.5433 9.0900 eer

157.200 570.990 7.9992 9.0900 TI
167.760 570.990 7.6379 9.0900 te
179.520 570.990 21.7562 9.0900 laten
205.920 570.990 25.4866 9.0900 weten
236.160 570.990 13.6818 9.0900 dat
254.880 570.990 8.0933 9.0900 er
267.120 570.990 41.7701 9.0900 wezenlijk
314.881 570.990 10.1079 9.0900 op
328.801 570.990 13.2066 9.0900 het
346.800 570.990 41.3899 9.0900 proefveld
393.840 570.990 15.5687 9.0900 van
414.480 570.990 9.5684 9.0900 de
428.911 570.990 27.0468 9.0900 school

156.480 585.870 13.8362 9.0900 der
174.960 585.870 67.3853 9.0900 onderofficieren
248.400 585.870 13.8362 9.0900 der
267.120 585.870 23.1462 9.0900 genie
294.481 585.870 27.1458 9.0900 achter
326.400 585.870 13.2066 9.0900 het
344.160 585.870 21.3286 9.0900 front
371.039 585.870 12.6878 9.0900 78
388.079 585.870 13.5194 9.0900 der
407.027 585.870 48.7476 9.0900 omheining,

154.800 602.137 3.9590 7.2702 6

61.6800 62.1900 48.9773 9.0900 loopgraven
117.120 62.1900 9.4496 9.0900 en
132.479 62.1900 39.5089 9.0900 ingangen
178.800 62.1900 19.2842 9.0900 voor
203.759 62.1900 59.5089 9.0900 mijngalerijen
270.960 62.1900 47.6170 9.0900 uitgevoerd
326.152 62.1900 34.0679 9.0900 geweest

61.4400 75.3900 18.6991 9.0900 zijn,
87.8403 75.3900 41.8384 9.0900 waardoor
137.761 75.3900 26.4479 9.0900 kleine
172.081 75.3900 32.1572 9.0900 wortels
211.922 75.3900 13.8362 9.0900 der
233.521 75.3900 33.0759 9.0900 boomen
274.561 75.3900 42.0889 9.0900 aangetast
325.804 75.3900 34.9312 9.0900 werden,

60.9600 88.5900 33.3610 9.0900 hetgeen
102.000 88.5900 48.1942 9.0900 gewoonlijk
158.640 88.5900 32.9393 9.0900 gebeurt
199.200 88.5900 36.9171 9.0900 wanneer
243.840 88.5900 40.1326 9.0900 ingangen
291.120 88.5900 19.1060 9.0900 voor
318.812 88.5900 41.5741 9.0900 mijngale

61.4400 101.790 20.1663 9.0900 rijen
87.3602 101.790 47.6170 9.0900 uitgevoerd
140.880 101.790 32.5116 9.0900 worden
178.800 101.790 8.0339 9.0900 in
192.000 101.790 9.6872 9.0900 de
206.879 101.790 35.4737 9.0900 glooiing
248.159 101.790 13.5194 9.0900 der
267.120 101.790 64.8054 9.0900 vestingwerken
339.021 101.790 21.1603 9.0900 waar

61.9200 114.990 9.6872 9.0900 de
76.0800 114.990 33.2739 9.0900 boomen
114.719 114.990 16.9983 9.0900 zich
136.799 114.990 10.1079 9.0900 op
151.439 114.990 28.8090 9.0900 korten
185.760 114.990 31.9176 9.0900 afstand
223.680 114.990 15.4103 9.0900 van
245.040 114.990 38.0982 9.0900 elkander
289.865 114.990 42.9977 9.0900 bevinden.

82.3200 128.430 11.7365 9.0900 De
100.800 128.430 32.6799 9.0900 boomen
142.560 128.430 33.7432 9.0900 (olmen)
184.800 128.430 15.6519 9.0900 zijn
208.080 128.430 11.5493 9.0900 tot
227.280 128.430 34.7559 9.0900 rijpheid
270.721 128.430 38.6278 9.0900 gekomen
317.041 128.430 9.4495 9.0900 en
334.029 128.430 26.7379 9.0900 hunne

61.9200 141.630 31.9552 9.0900 wortels
99.1202 141.630 51.7008 9.0900 vei'spreiden
155.999 141.630 26.3578 9.0900 hunne
187.199 141.630 48.8822 9.0900 vertakking
241.439 141.630 13.6778 9.0900 ver
259.920 141.630 17.1864 9.0900 weg
281.760 141.630 15.4103 9.0900 van
301.920 141.630 32.2245 9.0900 hunnen
340.249 141.630 21.1741 9.0900 voet.

82.0800 154.830 16.2518 9.0900 Ten
103.199 154.830 20.6158 9.0900 allen
128.399 154.830 19.8673 9.0900 tijde
153.599 154.830 31.8235 9.0900 werden
190.559 154.830 44.8024 9.0900 dergelijke
240.719 154.830 32.2195 9.0900 werken
277.918 154.830 47.6170 9.0900 uitgevoerd
331.468 154.830 29.1901 9.0900 zonder

62.1600 168.030 22.6868 9.0900 eenig
89.9998 168.030 22.8541 9.0900 letsel
117.600 168.030 19.1060 9.0900 voor
141.840 168.030 13.0482 9.0900 het
160.320 168.030 22.9561 9.0900 leven
188.640 168.030 13.6778 9.0900 der
208.266 168.030 36.5171 9.0900 boomen.

82.8000 181.230 43.7263 9.0900 Niettemin
131.519 181.230 15.1331 9.0900 heb
151.200 181.230 8.0982 9.0900 ik
164.400 181.230 15.0935 9.0900 den
184.320 181.230 55.0341 9.0900 Bevelhebber
244.800 181.230 13.5194 9.0900 der
266.490 181.230 95.1489 9.0900 onderofficierenschool

62.6400 194.430 13.6778 9.0900 der
81.5995 194.430 22.9561 9.0900 genie
109.199 194.430 61.3899 9.0900 voorschreven,
175.679 194.430 32.0602 9.0900 zooveel
212.399 194.430 38.1912 9.0900 mogelijk
257.039 194.430 9.8059 9.0900 de
271.438 194.430 32.1572 9.0900 wortels
308.639 194.430 13.6778 9.0900 der
328.017 194.430 33.4719 9.0900 boomen

62.8800 207.630 9.5684 9.0900 en
77.2805 207.630 26.5478 9.0900 hunne
109.200 207.630 59.2347 9.0900 vertakkingen
174.240 207.630 7.8755 9.0900 te
188.775 207.630 46.1677 9.0900 vrijwaren.

83.0400 220.830 28.7932 9.0900 Gelief,
121.440 220.830 39.7861 9.0900 Mijnheer
172.080 220.830 9.6872 9.0900 de
191.041 220.830 48.5892 9.0900 Voorzitter,
249.841 220.830 9.5683 9.0900 de
269.281 220.830 52.1532 9.0900 verzekering
333.446 220.830 28.1754 9.0900 mijner

63.1200 234.030 46.0914 9.0900 bijzondere
115.440 234.030 54.5193 9.0900 hoogachting
176.400 234.030 7.6379 9.0900 te
191.503 234.030 54.4797 9.0900 aanvaarden.

269.040 247.470 11.9740 9.0900 De
288.980 247.470 52.0740 9.0900 Bestuurder,

274.560 260.910 8.1913 9.0900 S.
290.846 260.910 51.3770 9.0900 CAMBIER.

194.880 276.532 32.5755 16.0767 ♦♦♦

94.8000 298.030 57.0557 8.9300 GESCHIED-
159.119 298.030 14.2411 8.9300 EN
180.959 298.030 91.9571 8.9300 OUDHEIDKUNDIG
281.719 298.030 48.6763 8.9300 CONGRES

174.720 311.230 21.6315 8.9300 DER
203.104 311.230 47.8804 8.9300 KEMPEN.

83.0400 324.510 13.1036 9.0900 Bij
103.199 324.510 11.3909 9.0900 dit
121.439 324.510 38.4862 9.0900 Congres,
166.559 324.510 13.3650 9.0900 dat
186.719 324.510 7.7962 9.0900 in
201.359 324.510 15.0935 9.0900 den
223.439 324.510 18.3744 9.0900 loop
248.400 324.510 13.6778 9.0900 der
269.280 324.510 28.8248 9.0900 maand
305.280 324.510 41.5602 9.0900 Augustus
354.569 324.510 7.6379 9.0900 te

63.3600 337.710 41.5949 9.0900 Turnhout
111.119 337.710 26.1162 9.0900 plaats
142.319 337.710 23.9382 9.0900 heeft,
172.319 337.710 21.0811 9.0900 heeft
199.679 337.710 19.3238 9.0900 onze
223.919 337.710 54.3015 9.0900 Vereeniging
284.158 337.710 17.1765 9.0900 zich
307.963 337.710 54.8975 9.0900 aangesloten.

63.8400 350.910 12.1275 9.0900 Zij
81.8392 350.910 6.6825 9.0900 is
93.5984 350.910 7.7963 9.0900 in
107.278 350.910 13.0482 9.0900 het
126.238 350.910 38.4823 9.0900 Komiteit
171.358 350.910 80.6603 9.0900 vertegenwoordigd
259.199 350.910 19.4624 9.0900 door
284.639 350.910 24.7262 9.0900 onzen
316.454 350.910 46.4409 9.0900 voorzitter,

63.8400 364.110 18.2942 9.0900 heer
87.8406 364.110 9.4337 9.0900 G.
102.240 364.110 11.7365 9.0900 De
120.291 364.110 33.0521 9.0900 Ridder.

195.120 377.812 32.8943 16.0767 ♦♦♦

74.4000 397.630 69.4089 8.9300 UITSTAPPEN.
150.720 397.470 9.9000 9.0900 —
166.799 397.470 11.9741 9.0900 De
185.280 397.470 57.9249 9.0900 aanhoudende
250.559 397.470 49.8663 9.0900 uitbreiding
307.920 397.470 12.9353 9.0900 die
327.120 397.470 9.6871 9.0900 de
344.066 397.470 19.2001 9.0900 wer

64.3200 410.670 19.3337 9.0900 king
89.0393 410.670 23.3581 9.0900 onzer
117.599 410.670 54.0837 9.0900 Vereeniging
177.359 410.670 28.7942 9.0900 neemt,
211.199 410.670 45.2668 9.0900 noodzaakt
262.559 410.670 14.1610 9.0900 ons
281.519 410.670 20.9425 9.0900 meer
308.399 410.670 9.3307 9.0900 en
323.039 410.670 20.7643 9.0900 meer
349.812 410.670 13.0482 9.0900 het

64.0800 423.870 21.4771 9.0900 werk
92.6405 423.870 49.7386 9.0900 methodisch
149.760 423.870 7.8755 9.0900 te
163.920 423.870 45.4113 9.0900 verdeelen.
216.000 423.870 15.8301 9.0900 Zoo
238.321 423.870 26.0033 9.0900 vormt
271.441 423.860 9.9000 9.1000 d§
288.001 423.870 43.7936 9.0900 inrichting
339.653 423.870 23.1680 9.0900 onzer

64.0800 437.070 46.6508 9.0900 uitstappen
116.879 437.070 23.6551 9.0900 thans
146.879 437.070 19.0070 9.0900 eene
171.359 437.070 46.0914 9.0900 bijzondere
224.640 437.070 40.1881 9.0900 afdeeling
271.920 437.070 37.8259 9.0900 waarvan
316.560 437.070 9.6871 9.0900 de
332.709 437.070 30.3593 9.0900 leiding

64.3200 450.270 59.6911 9.0900 toevertrouwd
131.040 450.270 6.5637 9.0900 is
143.039 450.270 14.7510 9.0900 aan
164.159 450.270 14.1610 9.0900 ons
183.839 450.270 34.2679 9.0900 medelid
224.159 450.270 18.6506 9.0900 heer
248.639 450.270 20.7722 9.0900 Bug.
275.039 450.270 11.7364 9.0900 De
293.079 450.270 25.1440 9.0900 Vroy.

84.7200 463.470 11.8552 9.0900 De
104.400 463.470 30.7217 9.0900 uitstap
143.520 463.470 19.3634 9.0900 naar
171.840 463.470 9.5684 9.0900 de
189.120 463.470 46.7102 9.0900 zeeduinen
244.560 463.470 23.4650 9.0900 stond
276.720 463.470 22.8928 9.0900 reeds
307.920 463.470 24.4193 9.0900 onder
342.351 463.470 20.5762 9.0900 zijne

64.8000 476.670 30.1574 9.0900 leiding
101.520 476.670 9.5684 9.0900 en
117.120 476.670 15.3737 9.0900 alle
138.720 476.670 49.0852 9.0900 deelnemers
193.920 476.670 30.9425 9.0900 hebben
231.601 476.670 16.9983 9.0900 zich
255.121 476.670 32.3780 9.0900 kunnen
294.721 476.670 47.2517 9.0900 overtuigen
349.813 476.670 13.0482 9.0900 dat

64.8000 489.870 11.2860 9.0900 hij
81.3597 489.870 16.8201 9.0900 zich
103.200 489.870 46.3835 9.0900 uitstekend
155.520 489.870 15.0935 9.0900 van
175.920 489.870 20.5762 9.0900 zijne
201.840 489.870 14.1709 9.0900 zoo
220.800 489.870 40.4831 9.0900 moeilijke
267.359 489.870 9.4495 9.0900 en
281.759 489.870 28.5813 9.0900 lastige
315.840 489.870 18.6912 9.0900 taak
342.209 489.870 20.8910 9.0900 heeft

64.3200 503.070 24.9163 9.0900 weten
95.7604 503.070 7.5191 9.0900 te
110.341 503.070 36.0419 9.0900 kwijten.

84.4800 516.430 86.6745 8.9300 ZICHTKAARTEN.
177.359 516.270 9.9000 9.0900 —
192.480 516.270 16.2360 9.0900 Wij
215.520 516.270 30.5464 9.0900 hebben
252.720 516.270 15.5291 9.0900 nog
274.561 516.270 7.7962 9.0900 in
288.481 516.270 39.3010 9.0900 voorraad
335.458 516.270 27.7101 9.0900 eenige

65.2800 529.470 92.0799 9.0900 boekjeszichtkaarten
165.599 529.470 15.2519 9.0900 van
187.919 529.470 9.5684 9.0900 de
204.239 529.470 71.0553 9.0900 Calmpthoutsche
282.959 529.470 25.4866 9.0900 Heide
315.359 529.470 9.3307 9.0900 en
331.679 529.470 14.9351 9.0900 van
354.558 529.470 9.5684 9.0900 de

64.5600 542.670 44.6648 9.0900 Liereman.
114.720 542.670 20.5960 9.0900 Prijs
141.360 542.670 19.1060 9.0900 voor
166.080 542.670 19.3238 9.0900 onze
190.080 542.670 27.7398 9.0900 leden:
222.960 542.670 9.0357 9.0900 C.
236.399 542.670 9.7664 9.0900 IL
251.519 542.670 9.6149 9.0900 fr.
267.359 542.670 11.0484 9.0900 1.;
283.199 542.670 41.5820 9.0900 Liereman
330.959 542.670 16.0835 9.0900 1.50
354.290 542.670 9.7713 9.0900 fr.

65.7600 555.870 73.4501 9.0900 Omstandigheden
146.879 555.870 27.5319 9.0900 buiten
181.439 555.870 24.7262 9.0900 onzen
212.399 555.870 13.3789 9.0900 wil
231.839 555.870 30.9425 9.0900 hebben
269.759 555.870 9.5684 9.0900 de
285.359 555.870 32.9234 9.0900 uitgave
325.200 555.870 13.6778 9.0900 der
346.207 555.870 18.4991 9.0900 aan

65.0400 569.070 51.0672 9.0900 gekondigde
121.679 569.070 55.6994 9.0900 zichtkaarten
183.600 569.070 18.4328 9.0900 over
207.360 569.070 49.1971 9.0900 Antwerpen
262.320 569.070 46.4953 9.0900 vertraagd.
314.640 569.070 16.2360 9.0900 Wij
337.598 569.070 26.0518 9.0900 zullen

65.2800 582.270 8.5784 9.0900 ze
78.7202 582.270 14.1709 9.0900 zoo
97.9203 582.270 33.2759 9.0900 spoedig
137.040 582.270 37.9833 9.0900 mogelijk
182.501 582.270 42.3621 9.0900 bezorgen.

360.480 596.164 4.4540 8.1792 7

246.960 70.8570 28.1180 9.9990 ONZE
280.132 70.8570 70.3197 9.9990 UITSTAPPEN.

169.680 86.9370 48.4397 9.9990 Gedurende
223.440 86.9370 10.4069 9.9990 de
238.319 86.9370 29.5396 9.9990 maand
273.359 86.9370 17.3161 9.9990 Juli
295.919 86.9370 31.4533 9.9990 richten
332.880 86.9370 14.0441 9.9990 wij
353.040 86.9370 10.1693 9.9990 de
368.161 86.9370 39.9851 9.9990 volgende
413.388 86.9370 33.9174 9.9990 uitstap

149.520 103.017 15.7331 9.9990 pen
170.897 103.017 12.4067 9.9990 in:

169.920 119.337 44.0312 9.9990 ZONDAG
217.680 119.337 5.4450 9.9990 2
226.320 119.337 26.6023 9.9990 JULI.
256.560 119.337 10.8900 9.9990 —
270.481 119.337 32.8987 9.9990 Uitstap
307.921 119.337 19.6060 9.9990 naar
332.161 119.337 13.6085 9.9990 het
350.160 119.337 58.1744 9.9990 Zoniënbosch.
413.215 119.337 35.0401 9.9990 Vertrek

149.520 133.497 49.4693 9.9990 Antwerpen
206.880 133.497 58.8278 9.9990 Middenstatie
273.600 133.497 17.6349 9.9990 7.57
298.080 133.497 18.1952 9.9990 uur.
326.640 133.497 45.7043 9.9990 Aankomst
383.522 133.497 64.2866 9.9990 BrusselNoord

149.760 147.657 5.4450 9.9990 8
158.573 147.657 10.0960 9.9990 1/2
173.311 147.657 18.1952 9.9990 uur.

151.440 161.097 21.8790 9.9990 (Aan
177.360 161.097 10.4069 9.9990 de
190.800 161.097 52.8620 9.9990 Noordstatie
247.440 161.097 21.2563 9.9990 tram
272.880 161.097 28.6605 9.9990 nemen
305.280 161.097 36.4894 9.9990 nummer
346.080 161.097 10.4376 9.9990 15
359.520 161.097 8.2576 9.9990 of
372.479 161.097 10.3881 9.9990 14
385.919 161.097 10.1574 9.9990 en
400.349 161.097 48.6565 9.9990 verbinding

150.240 174.297 30.3296 9.9990 vragen
187.679 174.297 19.7327 9.9990 voor
214.799 174.297 26.2152 9.9990 Bosch
241.734 174.297 34.7718 9.9990 voorde;
283.734 174.297 38.4635 9.9990 afstijgen
331.254 174.297 15.2123 9.9990 aan
354.055 174.297 10.1693 9.9990 de
371.095 174.297 45.2390 9.9990 Naamsche
424.363 174.297 24.4698 9.9990 Poort

150.480 187.497 10.0386 9.9990 en
165.599 187.497 21.0781 9.9990 tram
192.719 187.497 28.6605 9.9990 nemen
227.038 187.497 36.2914 9.9990 nummer
269.039 187.497 13.1155 9.9990 30,
287.038 187.497 10.8613 9.9990 31
302.398 187.497 8.2576 9.9990 of
316.798 187.497 14.3550 9.9990 32;
336.717 187.497 38.2160 9.9990 stilstand
381.117 187.497 30.5276 9.9990 vragen
418.077 187.497 15.3707 9.9990 aan
439.301 187.497 10.0505 9.9990 de

150.720 200.697 32.1186 9.9990 Graven
189.599 200.697 29.7345 9.9990 Dreef:
225.840 200.697 30.8553 9.9990 ingang
263.281 200.697 16.0499 9.9990 van
285.600 200.697 13.6085 9.9990 het
306.479 200.697 55.5053 9.9990 Zoniënbosch
368.880 200.697 10.7385 9.9990 op
385.920 200.697 15.7331 9.9990 den
408.928 200.697 40.7989 9.9990 steenweg

150.480 213.897 19.7842 9.9990 naar
176.400 213.897 15.2915 9.9990 Ter
198.000 213.897 32.7136 9.9990 Hulpen
238.079 213.897 26.2776 9.9990 (nabij
270.959 213.897 15.5747 9.9990 den
292.318 213.897 53.9273 9.9990 hippodroom
352.318 213.897 16.0499 9.9990 van
374.680 213.897 65.0509 9.9990 Boschvoorde).

171.120 227.097 16.5924 9.9990 Wij
194.640 227.097 26.6597 9.9990 zullen
227.759 227.097 10.1693 9.9990 de
244.560 227.097 76.1696 9.9990 schilderachtigste
327.599 227.097 40.8751 9.9990 gewesten
377.759 227.097 15.8915 9.9990 van
399.840 227.097 13.7669 9.9990 het
423.371 227.097 26.2152 9.9990 Bosch

150.960 240.297 40.7395 9.9990 bezoeken
197.760 240.297 25.0539 9.9990 onder
229.200 240.297 10.2881 9.9990 de
245.040 240.297 30.9771 9.9990 leiding
282.000 240.297 16.0499 9.9990 van
303.839 240.297 10.2881 9.9990 de
319.440 240.297 29.6307 9.9990 heeren
355.200 240.297 34.2887 9.9990 Stevens
395.519 240.297 10.0386 9.9990 en
411.119 240.297 18.1229 9.9990 Van
435.837 240.297 14.0966 9.9990 der

151.440 253.497 45.0143 9.9990 Swaelmen
201.839 253.497 63.0769 9.9990 (Bestuurleden
269.519 253.497 15.8915 9.9990 van
289.440 253.497 10.1693 9.9990 de
303.119 253.497 41.4988 9.9990 Vrienden
348.959 253.497 16.0499 9.9990 van
369.120 253.497 13.6085 9.9990 het
387.333 253.497 63.2006 9.9990 Zoniënbosch).

172.800 266.697 6.2588 9.9990 's
184.799 266.697 50.8395 9.9990 Namiddags
241.919 266.697 51.0187 9.9990 terugkomst
299.759 266.697 12.0562 9.9990 uit
318.959 266.697 56.0132 9.9990 Groenendael
381.360 266.697 14.0966 9.9990 per
401.999 266.697 21.1415 9.9990 trein
430.569 266.697 19.6060 9.9990 naar

151.680 279.897 35.6212 9.9990 Brussel,
191.999 279.897 34.9460 9.9990 waaruit
232.319 279.897 14.0441 9.9990 wij
251.760 279.897 20.4692 9.9990 rond
277.680 279.897 5.4450 9.9990 8
286.800 279.897 15.2490 9.9990 uur
307.439 279.897 19.7327 9.9990 voor
332.399 279.897 49.4693 9.9990 Antwerpen
388.584 279.897 52.1096 9.9990 vertrekken.

171.840 294.297 56.3855 9.9990 Middagmaal
234.240 294.297 16.2083 9.9990 kan
256.320 294.297 16.8993 9.9990 niet
279.121 294.297 35.3262 9.9990 bezorgd
320.401 294.297 35.9103 9.9990 worden.
362.161 294.297 17.3478 9.9990 Dus
385.533 294.297 65.1549 9.9990 mondvoorraad

151.920 308.937 23.2403 9.9990 mede
180.410 308.937 40.8791 9.9990 brengen!

178.800 323.577 43.8332 9.9990 ZONDAG
228.960 323.577 10.2910 9.9990 16
244.800 323.577 26.4201 9.9990 JULI,
278.160 323.577 32.8987 9.9990 Uitstap
320.399 323.577 19.7842 9.9990 naar
349.919 323.577 35.7974 9.9990 Thielen,
395.519 323.577 36.3379 9.9990 Casterle
441.455 323.577 10.0386 9.9990 en

152.400 338.217 52.2740 9.9990 Herenthals.

172.560 351.657 35.0401 9.9990 Vertrek
213.120 351.657 49.6831 9.9990 Antwerpen
268.320 351.657 58.8278 9.9990 Middenstatie
332.640 351.657 17.4092 9.9990 6.27
354.480 351.657 18.0170 9.9990 uur.
377.520 351.657 45.2885 9.9990 Aankomst
428.219 351.657 23.4056 9.9990 Thie

152.400 364.857 13.1848 9.9990 len
170.879 364.857 12.5770 9.9990 8.5
188.638 364.857 18.0170 9.9990 uur.
212.398 364.857 49.4248 9.9990 Wandeling
267.598 364.857 23.5313 9.9990 langs
296.878 364.857 10.1693 9.9990 de
312.479 364.857 28.3447 9.9990 Rielen
346.558 364.857 19.7842 9.9990 naar
372.959 364.857 39.0585 9.9990 Casterle,
418.720 364.857 32.6858 9.9990 afstand

152.880 378.057 39.8564 9.9990 ongeveer
198.960 378.057 5.4450 9.9990 6
208.800 378.057 16.5667 9.9990 km.
230.639 378.057 23.3165 9.9990 Rust.
258.960 378.057 10.8900 9.9990 —
274.800 378.057 22.5106 9.9990 10.30
302.160 378.057 18.0230 9.9990 uur,
325.920 378.057 46.6191 9.9990 wandeling
378.240 378.057 23.5313 9.9990 langs
407.760 378.057 10.2881 9.9990 de
423.506 378.057 28.4902 9.9990 Hooge

153.360 391.257 31.6236 9.9990 Bergen
189.839 391.257 19.6060 9.9990 naar
215.040 391.257 44.0223 9.9990 Lichtaert,
264.480 391.257 32.4839 9.9990 afstand
303.120 391.257 39.6485 9.9990 ongeveer
348.239 391.257 5.4450 9.9990 5
357.359 391.257 16.5667 9.9990 km.
378.718 391.257 58.8704 9.9990 Middagmaal.
441.651 391.257 10.8900 9.9990 —

153.600 404.457 22.7007 9.9990 13.30
182.400 404.457 18.0229 9.9990 uur,
207.360 404.457 46.8329 9.9990 wandeling
261.359 404.457 19.6060 9.9990 naar
288.479 404.457 49.1089 9.9990 Herenthals
344.639 404.457 23.7214 9.9990 langs
375.360 404.457 10.2881 9.9990 de
392.929 404.457 59.5356 9.9990 Boschbergen,

153.120 417.657 32.6858 9.9990 afstand
192.000 417.657 39.8564 9.9990 ongeveer
237.361 417.657 5.4450 9.9990 9
246.768 417.657 16.5667 9.9990 km.

174.000 431.577 10.3237 9.9990 17
186.719 431.577 15.2490 9.9990 uur
206.399 431.577 30.4296 9.9990 bezoek
240.719 431.577 49.1090 9.9990 Herenthals
293.998 431.577 10.8900 9.9990 —
308.158 431.577 61.9532 9.9990 Gemeentehuis
374.398 431.577 10.8900 9.9990 —
388.558 431.577 23.1729 9.9990 Kerlc
414.959 431.577 10.8900 9.9990 —
429.591 431.577 22.8838 9.9990 Oude

153.600 445.737 24.6599 9.9990 Poort
184.080 445.737 10.8900 9.9990 —
202.449 445.737 51.0444 9.9990 Beggijnhof.

288.000 459.657 5.4450 9.9990 *
301.733 459.657 5.4450 9.9990 *
312.955 459.657 5.4450 9.9990 «

174.720 473.577 22.1176 9.9990 Voor
201.599 473.577 19.4812 9.9990 deze
224.639 473.577 23.5996 9.9990 beide
252.719 473.577 47.0587 9.9990 uitstappen
305.038 473.577 32.4166 9.9990 worden
343.198 473.577 49.7544 9.9990 reiskaarten
398.878 473.577 15.2123 9.9990 aan
419.557 473.577 34.4659 9.9990 vermin

154.800 487.497 30.3296 9.9990 derden
191.039 487.497 20.0633 9.9990 prijs
217.440 487.497 53.1788 9.9990 beschikbaar
277.440 487.497 9.0773 9.9990 f>'
285.191 487.497 26.9191 9.9990 e«1"eld.
317.040 487.497 12.4473 9.9990 De
335.040 487.497 46.4181 9.9990 aanvragen
387.600 487.497 31.7236 9.9990 moeten
424.958 487.497 28.8268 9.9990 pezon

154.560 501.417 15.4163 9.9990 den
174.720 501.417 35.9162 9.9990 worden,
215.760 501.417 30.0534 9.9990 Groote
250.321 501.417 30.4712 9.9990 Markt,
286.282 501.417 14.1431 9.9990 16:

174.960 515.337 21.9394 9.9990 Voor
202.320 515.337 15.7331 9.9990 den
223.680 515.337 9.6713 9.9990 In
238.801 515.337 31.1286 9.9990 uitstap
275.520 515.337 19.9109 9.9990 vóór
300.960 515.337 46.4656 9.9990 Woensdag
352.560 515.337 10.5079 9.9990 28
367.439 515.337 22.5354 9.9990 Juni.
395.040 515.337 21.9394 9.9990 Voor
422.400 515.337 15.7331 9.9990 den
443.076 515.337 10.8187 9.9990 2n

154.800 529.257 30.9207 9.9990 uitstap
191.520 529.257 19.5545 9.9990 vóór
216.720 529.257 46.6736 9.9990 Woensdag
269.040 529.257 10.3069 9.9990 12
283.972 529.257 20.1614 9.9990 Juli.

175.200 543.177 12.4473 9.9990 De
191.760 543.177 36.1300 9.9990 bestelde
232.801 543.177 50.6157 9.9990 reiskaarten
289.441 543.177 29.0426 9.9990 dienen
323.760 543.177 43.0502 9.9990 afgehaald
372.720 543.177 8.0101 9.9990 te
385.680 543.177 32.8126 9.9990 worden
424.583 543.177 30.0534 9.9990 Groote

155.040 557.097 28.1160 9.9990 Markt
188.400 557.097 12.8126 9.9990 16,
204.959 557.097 72.4650 9.9990 telkensZaterdag
282.959 557.097 19.9109 9.9990 voor
307.439 557.097 13.4501 9.9990 het
326.159 557.097 35.5865 9.9990 vertrek,
366.479 557.097 10.3782 9.9990 na
382.079 557.097 5.4450 9.9990 3
391.199 557.097 15.0906 9.9990 uur
413.279 557.097 6.0212 9.9990 's
423.692 557.097 30.8118 9.9990 namid

155.520 571.017 23.1544 9.9990 dags.

287.760 584.738 32.8813 16.8812 ♦♦♦

155.520 604.005 4.9556 8.4448 8

179.280 87.0240 124.370 17.7120 Ondergeteekende
313.920 87.0240 57.9760 17.7120 verlangt
384.240 87.0240 15.4640 17.7120 de
412.080 87.0240 8.0000 17.7120 «
423.600 89.7861 94.9204 14.2803 VEREENIGING
528.000 89.7861 26.1856 14.2803 TOT
564.374 89.7861 58.6764 14.2803 BEHOUD

142.800 109.104 28.7900 17.7120 VAN
176.640 111.866 63.9531 14.2803 NATUUR-
250.800 111.866 17.1747 14.2803 EN
278.159 111.866 108.956 14.2803 STEDENSCHOON
394.319 109.104 8.0000 17.7120 »
410.639 109.104 16.3520 17.7120 bij
434.159 109.104 12.0080 17.7120 te
453.119 109.104 44.1290 17.7120 treden
505.439 109.104 18.4580 17.7120 als
530.399 111.866 58.5597 14.2803 BEGIFTIGER
594.343 109.104 29.4960 17.7120 i^i^s

142.800 131.184 56.2700 17.7120 betaling
206.400 131.184 37.5720 17.7120 eener
249.600 131.184 79.9310 17.7120 jaarlijksche
337.680 131.184 56.4080 17.7120 bijdrage
402.000 131.184 24.0740 17.7120 van

584.376 131.184 39.0800 17.7120 frank.

143.040 153.264 41.1240 17.7120 Naam
192.480 153.264 15.3920 17.7120 en
215.729 153.264 49.6790 17.7120 woonst

508.320 177.024 115.105 17.7120 Handteekening:

179.760 241.466 13.3774 14.2803 (*)
199.920 241.466 55.8576 14.2803 Begiftigers
261.360 241.466 37.0152 14.2803 betalen
305.280 241.466 41.0358 14.2803 jaarlijks
353.760 241.466 45.7254 14.2803 minstens
406.320 241.466 10.8124 14.2803 fr.
422.880 241.466 32.2620 14.2803 20.—,
460.800 241.466 27.9294 14.2803 leden
493.921 241.466 18.4776 14.2803 van
516.720 241.466 6.4500 14.2803 5
527.280 241.466 13.2564 14.2803 tot
545.041 241.466 12.3980 14.2803 20
561.361 241.466 14.4774 14.2803 fr.,
584.279 241.466 40.4139 14.2803 volgens

143.520 255.146 34.4478 14.2803 keuze.
189.359 255.146 55.8576 14.2803 Begiftigers
254.879 255.146 11.8366 14.2803 en
274.559 255.146 27.5494 14.2803 leden
310.319 255.146 54.0854 14.2803 ontvangen
372.479 255.146 48.7922 14.2803 kosteloos
428.880 255.146 18.5136 14.2803 alle
454.559 255.146 43.7416 14.2803 uitgaven
506.399 255.146 16.8713 14.2803 der
531.359 255.146 72.1029 14.2803 Vereeniging;
613.126 255.146 11.7040 14.2803 zij

143.520 268.826 37.6202 14.2803 hebben
186.720 268.826 40.9494 14.2803 toegang
232.320 268.826 13.4144 14.2803 tot
250.081 268.826 12.3486 14.2803 de
266.640 268.826 69.9084 14.2803 voordrachten
342.241 268.826 11.9556 14.2803 en
359.040 268.826 38.6776 14.2803 kunnen
402.960 268.826 56.2268 14.2803 deelnemen
466.800 268.826 17.6012 14.2803 aan
491.280 268.826 12.2296 14.2803 de
510.239 268.826 57.0469 14.2803 uitstappen,
574.559 268.826 31.6092 14.2803 welke
612.744 268.826 12.3486 14.2803 de

144.720 282.506 65.3447 14.2803 Vereeniging
214.799 282.506 38.1039 14.2803 inricht.

588.467 282.506 3.5862 14.2803 /

180.720 297.386 55.0109 14.2803 Doorhalen
241.679 297.386 18.4176 14.2803 wat
264.959 297.386 19.2870 14.2803 niet
288.959 297.386 54.7149 14.2803 gewenscht
349.439 297.386 34.2757 14.2803 wordt.

181.200 312.266 18.4176 14.2803 Het
204.719 312.266 51.5016 14.2803 ingevulde
261.119 312.266 86.5538 14.2803 inteekenbulletijn
354.719 312.266 55.7352 14.2803 uitknippen
415.679 312.266 11.7176 14.2803 en
432.478 312.266 50.2028 14.2803 opzenden
489.358 312.266 17.9192 14.2803 aan
514.318 312.266 15.5578 14.2803 het
536.878 312.266 63.3410 14.2803 Secretariaat
608.091 312.266 17.0293 14.2803 der

144.240 326.666 65.7747 14.2803 Vereeniging
215.279 326.666 13.2564 14.2803 tot
233.520 326.666 40.1969 14.2803 Behoud
279.120 326.666 18.4776 14.2803 van
305.039 326.666 41.1870 14.2803 Natuur-
353.039 326.666 11.8366 14.2803 en
371.999 326.666 76.7685 14.2803 Stedenschoon,
454.798 326.666 74.9090 14.2803 |Vondelstraat,
537.358 326.666 15.7490 14.2803 22,
561.311 326.666 63.8427 14.2803 Antwerpen.

226.080 300.828 23.8253 13.2840 Druk
254.399 300.828 11.4444 13.2840 V.
268.723 300.828 44.5262 13.2840 feesseler,
316.128 300.828 66.1696 13.2840 20"Pi?insstraat

9.6000 362.296 42.3949 86.0313 1

40.3200 429.589 21.0382 60.8418 n
